4560 6562
838 369 1130 448 PRAEFATIO·
1808 387 1877 455 935
1927 411 1934 424 a

90 572 196 639 ,cpfpw
218 546 399 622 bibliothecae
417 564 580 638 pontificiae
604 564 763 619 Vaticanus
785 575 902 618 curante
920 565 1026 634 Angelo
1044 564 1135 625 Maio,
1153 561 1217 616 titt.
1234 563 1320 617 sinsd.
1339 567 1488 637 praesecto.
1507 567 1619 631 Romae,
1644 570 1717 625 sliri.
1727 571 1749 635 ⁶,
1769 574 1797 623 in
1819 591 1874 643 qua
1888 596 1900 607 κ

90 666 217 718 ..titione
236 662 264 712 ld
283 659 481 730 quammaximo
501 673 530 709 se
552 659 639 726 egisse
659 656 798 716 declarat,
827 661 860 706 nt
875 656 1022 722 imaginem
1039 654 1127 707 veluti
1146 655 1269 707 restituti
1288 655 1391 709 codicis
1406 657 1558 712 exhiberet.
1602 659 1720 714 Multum
1742 677 1806 716 vero
1823 664 1875 714 ab·

90 765 148 817 ear,
176 755 244 826 quin
271 752 321 803 hac
347 752 376 803 in
400 766 429 801 re
458 765 515 801 eam
536 750 708 819 praestiterit
737 747 932 817 diligentiam,
967 761 1050 816 qnam
1076 745 1266 801 Goeschenios
1282 763 1389 801 summo
1407 760 1561 807 nostrarum
1580 755 1732 810 litterarum
1751 756 1826 810 bono
1846 758 1876 809 in

90 848 161 901 Gaio
181 847 289 899 oriendo
308 845 446 898 adhibuit.
491 844 578 907 Nam,
606 843 852 906 utaliataeeam,
879 840 1027 910 sigtarnm,
1057 856 1129 912 qaae
1146 845 1250 897 mallee
1269 846 1514 913 suntineodiee‚
1531 849 1589 903 suis
1609 852 1677 904 locis
1695 848 1874 904 lerenullam

90 941 261 994 mentionem
281 940 353 993 iecit.
398 939 455 991 Sub
477 938 551 991 idem
571 938 628 989 lere
647 943 770 1008 ternpus,
796 949 852 1006 quo
870 936 972 987 Romae
989 933 1062 987 liber
1082 934 1229 1003 cderewr,
1253 937 1363 992 Parisiis
1384 941 1484 1005 etlam,
1510 944 1590 996 senia
1611 961 1626 996 a
1644 944 1719 999 hlaio
1737 962 1793 1000 non
1812 949 1874 1001 sine

88 1037 181 1107 pretio
199 1035 353 1104 impetrata,
372 1049 482 1086 recusus
501 1038 574 1096 est¹;
594 1033 717 1101 itemque
737 1030 887 1092 Beroiini',
904 1029 1148 1084 Saviniibraxime
1165 1029 1291 1098 bortatu3
1308 1033 1387 1087 caius
1405 1036 1489 1088 etism
1505 1037 1620 1092 illustris
1640 1041 1694 1094 viri
1710 1043 1874 1131 auctor'qte

90 1131 272 1191 factumest,
300 1134 332 1178 ut
359 1143 392 1178 ex
417 1124 560 1178 Germanis
584 1123 787 1175 iurisconsultls
807 1121 931 1174 etmulti
950 1127 979 1172 et
997 1123 1108 1174 maximi
1134 1122 1342 1178 emendationes
1358 1133 1442 1197 atque
1459 1131 1649 1201 supplementa
1667 1134 1721 1203 ipsi
1736 1136 1874 1199 miserint,

94 1222 197 1292 quibus
216 1236 286 1275 nora
303 1219 389 1273 editio
408 1219 565 1289 castigatius
584 1223 612 1269 ct
629 1218 739 1288 plenius
758 1223 904 1286 pararetur.
938 1215 1018 1286 Quae
1038 1216 1328 1284 curav.,cl.1lienaio
1347 1221 1473 1276 mandata
1491 1231 1542 1285 est.
1566 1226 1615 1278 sed
1635 1235 1783 1299 antequam
1802 1245 1871 1299 opus

90 1314 186 1382 perfici
206 1317 312 1382 potuit,
332 1312 527 1365 buchholtzius
545 1311 646 1363 librum
666 1327 699 1362 er
718 1327 766 1362 sua
785 1310 871 1379 ipsius
889 1318 917 1362 et
936 1309 1053 1362 aliorum
1076 1311 1217 1364 doctorum
1235 1314 1355 1368 virorum
1375 1332 1449 1385 penu
1470 1325 1579 1371 auctam
1599 1329 1628 1374 et
1656 1324 1872 1378 „commentario

91 1414 150 1460 turn
169 1409 264 1460 critico
283 1415 341 1460 tum
361 1407 529 1477 exegetico”
561 1409 723 1459 instructum
751 1404 841 1459 edidit
850 1406 870 1461 ⁹.
914 1404 955 1456 Ita
982 1402 1112 1458 deflorato
1133 1407 1210 1477 qnasi
1231 1406 1325 1461 labore
1342 1409 1487 1463 Klenaium
1507 1411 1598 1466 adhuc
1615 1412 1735 1468 editioni
1752 1430 1783 1467 se
1802 1417 1872 1468 sub·

90 1503 205 1555 traxisse
224 1501 341 1554 multum
358 1501 508 1553 dolendum
526 1505 576 1554 est.

197 1594 266 1647 Cum
285 1610 336 1646 Μ,
354 1592 505 1645 editionem
523 1605 763 1660 praepararemus,
790 1597 854 1643 ante
873 1590 965 1644 omnis
984 1590 1160 1659 sperabamus
1178 1592 1256 1658 iore,
1282 1599 1315 1646 ut
1338 1593 1425 1663 ipsius
1444 1596 1546 1648 codicis
1564 1596 1692 1653 Vaticani
1709 1600 1801 1657 denuo
1825 1606 1871 1656 in·
1913 1633 1916 1639 ·

90 1689 227 1759 spiciendi
248 1693 332 1758 atque
352 1685 512 1740 conserendi
530 1687 610 1755 copia
629 1685 711 1738 nobis
730 1684 823 1749 fieren
841 1683 870 1737 id
887 1684 962 1754 quod
983 1684 1096 1736 fortuna
1114 1681 1195 1735 nobis
1214 1680 1322 1735 insidit.
1359 1686 1495 1738 Utendum
1515 1689 1599 1755 igitar
1616 1698 1674 1743 erat
1688 1695 1721 1744 iia
1730 1694 1872 1758 subsidiis,

92 1799 164 1854 quac
183 1781 272 1834 hlaisn
291 1781 364 1850 ipse,
383 1797 510 1853 quaeque
527 1788 611 1833 notae
629 1796 710 1832 mauu
730 1778 847 1848 scriptae
864 1777 984 1831 virorum
1002 1777 1163 1839 doctorum,
1183 1793 1200 1828 a
1219 1776 1336 1831 Klenaio
1357 1778 1512 1834 liberaliter
1528 1784 1672 1838 nobiscum
1690 1789 1872 1841 communica·

93 1885 157 1938 tae,
183 1877 387 1945 praestiterunt
427 1874 547 1927 Nomina
565 1889 659 1928 rorum
678 1881 757 1926 suut:
786 1871 942 1925 Barkowius
953 1875 984 1934 ¹⁰,
1015 1870 1184 1933 Blumius¹²‚
1211 1869 1392 1937 Dirhscnius‚
1415 1873 1442 1925 b.
1462 1876 1675 1942 ilauboldua¹²‚
1702 1881 1871 1946 Kellerus¹³‚

91 1971 240 2034 Ktenoius,
272 1967 546 2031 Mechienbruchins,
568 1965 761 2030 lludorffius¹⁸,
788 1965 921 2019 Sarinius.
959 1963 1156 2017 Aliariroruns
1175 1965 1324 2018 illustrium
1341 1967 1518 2032 b.Hassii¹⁵‚
1536 1971 1726 2041 Schraderi¹⁸,
1744 1979 1770 2030 b.
1787 1981 1872 2033 ch·

93 2065 149 2119 cktt
162 2070 194 2129 ¹²,
214 2064 340 2126 aliorum,
358 2063 424 2116 libri
443 2060 699 2133 suppeditaverunt.
734 2063 765 2114 in
777 2058 935 2114 adornanda
952 2072 1016 2110 vero
1035 2057 1159 2110 editione
1178 2059 1207 2112 id
1227 2063 1343 2129 egimus,
1361 2070 1418 2114 tum
1437 2070 1469 2114 ut
1486 2057 1595 2117 codicis'
1608 2067 1735 2122 Vaticani
1754 2073 1874 2142 scriptu·

92 2175 150 2212 ram
169 2175 221 2213 nce
239 2174 295 2212 non
315 2157 382 2208 Maii
402 2156 556 2225 exemplum
576 2154 696 2206 fideliter
714 2161 994 2223 repraesentaremus,
1018 2160 1075 2202 tum
1094 2159 1126 2205 ιιι
1143 2152 1283 2207 studiosae
1301 2155 1453 2210 iuventutis
1472 2166 1556 2228 atque
1579 2159 1733 2216 scholarum
1752 2167 1816 2217 usui
1836 2167 1875 2219 li·

92 2255 196 2307 bellum
217 2250 491 2306 accommodaremus.
530 2251 626 2319 itaque
648 2249 818 2300 coniecturas
835 2246 1041 2300 verisimiliorea
1059 2247 1221 2310 contextui,
1246 2247 1295 2300 sed
1314 2249 1416 2303 litteris
1433 2253 1547 2323 cursivis
1565 2253 1726 2320 distinctas,
1757 2259 1877 2314 inserui·

95 2363 169 2409 snus,
188 2354 287 2416 atque,
304 2345 353 2396 nbi
374 2343 459 2397 codex
477 2343 597 2413 spatium
618 2341 726 2394 nullum
743 2340 912 2410 praebebat,
939 2341 1019 2393 uncis
1047 2341 1227 2410 inclusimus3
1254 2344 1341 2412 ipsine
1361 2361 1425 2399 vero
1444 2345 1547 2401 codicis
1561 2357 1609 2404 aut
1628 2350 1696 2403 hlaii
1715 2351 1876 2424 scripturam

94 2442 124 2491 lu
140 2439 321 2494 annotatione
342 2438 469 2508 religiose
487 2437 680 2490 indicavimus.
718 2435 770 2487 Ubi
789 2433 903 2487 verbum
925 2433 1125 2487 eliminandum
1142 2435 1308 2500 videbatur,
1332 2437 1363 2490 id
1388 2455 1499 2511 qnoque
1522 2442 1553 2494 iu
1573 2437 1780 2498 annotationem
1797 2446 1878 2501 able-

96 2536 230 2602 gerimus,
250 2539 299 2584 ant
313 2533 391 2584 uncis
407 2530 540 2600 appositis
557 2532 722 2582 notavimus.
757 2528 870 2597 Paglnss
889 2534 922 2578 ut
942 2528 972 2580 in
993 2528 1063 2580 Gaio
1081 2535 1111 2583 ct
1130 2530 1247 2597 Ulpiano
1266 2533 1485 2599 numeravimus3
1508 2535 1727 2589 membranarum
1751 2552 1817 2591 reso
1835 2540 1879 2592 in-

96 2629 213 2680 cisiones
233 2641 420 2695 numerosque
437 2624 634 2676 versiculorum
653 2623 803 2673 omisimus.
840 2619 961 2673 Librarii
979 2621 1118 2673 scribendi
1136 2623 1207 2674 ratio
1226 2623 1275 2674 nbi
1296 2639 1388 2692 neque
1403 2624 1486 2692 plane
1501 2636 1629 2697 corrupta
1640 2629 1807 2695 videbatur,
1825 2649 1879 2685 nc-

95 2738 149 2789 que
169 2719 324 2773 intellectui
346 2718 547 2786 impedimento
570 2722 647 2776 erat,
667 2721 772 2767 serrata
792 2720 842 2771 est.
879 2715 919 2765 lta
935 2728 959 2762 r.
973 2730 995 2766 c
1016 2727 1078 2766 cum
1096 2711 1191 2765 codice
1210 2713 1306 2781 scripsi
1326 2716 1469 2785 conpleri,
1490 2715 1644 2788 adprobari
1651 2762 1662 2786 ,
1679 2727 1875 2795 praesmibtio,

96 2817 214 2872 iniciat,
234 2811 357 2872 subicit.
377 2811 577 2885 centensimus?
595 2809 736 2876 querellas
754 2815 782 2859 et
803 2806 865 2858 alia.
901 2823 959 2859 non
978 2804 1119 2857 admonito
1140 2805 1243 2858 lectore
1260 2808 1366 2859 correxi
1385 2808 1487 2862 codicis
1499 2812 1677 2882 scripturam,
1694 2817 1742 2869 ubi
1760 2835 1775 2871 e
1794 2827 1877 2882 etas,

95 2906 115 2958 d
136 2912 164 2956 er
184 2917 194 2954 a
214 2894 294 2955 salso*
306 2909 476 2972 permutatae
498 2911 602 2963 esseut;
621 2901 816 2970 aspirationem
837 2898 882 2960 (ir)
903 2896 983 2947 omisi
998 2897 1027 2947 in
1043 2895 1241 2959 haeredatur,
1259 2898 1414 2963 exhimere,
1436 2902 1561 2969 honera,
1580 2905 1702 2972 hisdem,
1723 2909 1786 2974 til,
1807 2927 1873 2982 sup·

94 2994 167 3061 pleri
187 2993 215 3045 in
233 3006 363 3054 actenus,
387 2993 441 3043 alia
461 2990 603 3044 eiusmodi.
645 2991 772 3061 Titulos,
799 3006 869 3060 quos
886 2989 974 3042 codex
993 2990 1023 3041 in
1041 2987 1153 3039 summis
1169 2989 1332 3057 paginarum
1352 2990 1406 3042 oris
1427 2992 1557 3059 exhibet,
1583 2998 1728 3070 ipsamque
1745 3004 1877 3071 partitio·

93 3101 156 3138 nem
173 3095 201 3138 et
220 3087 346 3139 ordinem
365 3103 399 3138 ex
417 3087 485 3137 binii
505 3086 630 3154 exemplo
649 3085 763 3136 retinui.
799 3081 1031 3153 paragraphorum
1052 3080 1146 3150 signis,
1164 3082 1243 3133 utin
1261 3082 1433 3137 Beroliuensi
1451 3087 1623 3159 exemplari,
1651 3093 1773 3162 singulos
1798 3096 1873 3150 locos

94 3182 223 3244 distinxi,
250 3193 321 3251 quae
339 3187 430 3230 tamen
447 3179 524 3247 rigna
545 3174 748 3245 transponenda
773 3183 852 3228 eraut
878 3176 907 3227 in
924 3174 961 3246 §§.
981 3175 1024 3243 pq.
1043 3174 1086 3239 75.
1106 3177 1135 3223 et
1152 3174 1195 3242 87.
1214 3172 1301 3228 Locos
1322 3173 1459 3246 denique,
1479 3180 1576 3247 quiin
1597 3181 1658 3234 aliis
1677 3200 1788 3256 quoqne
1808 3187 1877 3241 iuris

94 3274 279 3329 monumentis
296 3273 504 3336 invenirentur,
531 3287 588 3325 non
605 3270 693 3325 solunt
710 3269 854 3334 indicavi,
884 3268 934 3322 scd
952 3270 1036 3323 etiam
1049 3265 1134 3320 verba
1152 3276 1266 3331 eorum,
1284 3282 1355 3337 quae
1372 3284 1388 3320 a
1408 3268 1510 3324 codicis
1530 3274 1618 3326 nostri
1636 3275 1770 3347 scriptura
1790 3278 1878 3333 disce·

94 3369 206 3430 derant,
225 3369 350 3439 apposui.

102 3527 1880 3559 m—-mwffl—m-

162 3645 191 3712 6)
232 3642 265 3694 Ιιι
284 3640 486 3693 Commentario
506 3641 617 3710 praevio
635 3647 713 3712 parte
732 3640 753 3698 i.
781 3646 822 3708 (p.
843 3637 1073 3698 vmt....xxlti
1097 3635 1132 3688 de
1151 3635 1217 3689 iuris
1235 3636 1323 3691 civilis
1343 3637 1501 3708 fragmentis
1518 3641 1637 3698 disserit.
1691 3647 1802 3701 Tabula
1820 3650 1878 3704 aeri

96 3715 202 3771 incisa,
219 3728 300 3779 quam
322 3714 408 3777 repeti
430 3713 598 3774 curavimus,
632 3711 750 3778 duplicis
773 3709 925 3779 scripturae
967 3707 1119 3778 alimpsesti
1149 3713 1178 3758 et
1204 3709 1412 3778 praecipuarum
1439 3711 1567 3780 sigiarurn
1588 3713 1727 3782 specimen
1753 3719 1876 3775 exhibet.

94 3783 259 3835 Contentum
278 3781 421 3850 excipiunt
439 3794 480 3846 tp.
489 3779 545 3849 93.)
565 3781 663 3834 Variae
677 3781 809 3832 lectiones
827 3778 894 3835 Coti
915 3726 1122 3837 'l'geodosianh
1153 3777 1191 3847 (p·
1215 3777 1282 3847 soi.)
1300 3778 1489 3847 Fragmentum
1508 3780 1576 3852 legia
1595 3786 1732 3839 Romanae
1752 3790 1876 3861 Burgun-

97 3851 229 3912 dionum,
251 3858 279 3902 et
297 3855 338 3918 (p.
362 3849 434 3909 ιοδ.)
453 3849 607 3902 summaria
632 3850 768 3922 quaedam
788 3846 857 3902 Cod.
877 3846 1065 3902 Theodosiaui
1086 3854 1259 3917 aperresere
1277 3847 1382 3909 codiee.
1416 3849 1574 3921 Sequuntur
1592 3855 1714 3920 ludices,
1746 3857 1786 3927 (p.
1806 3863 1876 3932 rap.)

95 3920 290 3974 Additamenta
305 3926 333 3969 et
351 3919 568 3974 emendationes.

165 3992 192 4059 7)
228 3989 363 4040 Subiit:
397 3990 535 4041 Vaticana
553 3991 624 4040 iuris
642 3986 762 4041 Iiomani
772 3984 937 4054 fragmenta
954 3986 1055 4040 Bomos
1075 4001 1165 4059 nuper·
1181 3986 1216 4038 ab
1236 3986 1342 4057 Angeia
1362 3987 1442 4042 Maio
1460 3987 1569 4043 detecte
1589 4004 1617 4046 et
1634 3992 1726 4056 edite,
1757 3997 1875 4051 Gallicis

97 4062 172 4128 typis
188 4057 391 4111 mandaverunt
407 4057 620 4126 Ephemerr'rium
636 4076 709 4130 qnae
730 4054 869 4111 themidis
887 4058 999 4110 nomine
1013 4055 1195 4128 publicantur·
1208 4053 1336 4111 ednorea.
1372 4057 1464 4110 Paris.
1485 4060 1632 4117 Decembre
1647 4065 1720 4116 1823.
1757 4066 1875 4117 Deside-

95 4138 187 4182 rantur
205 4138 310 4181 ceterae
330 4128 397 4179 iuris
416 4130 569 4198 reliquiae,
590 4130 655 4178 item
677 4127 771 4179 tabula
788 4128 846 4178 aeri
865 4127 950 4178 incisa
972 4135 1000 4179 et
1018 4123 1215 4177 additamenta.

160 4199 188 4267 s)
225 4199 281 4248 'tle
311 4199 385 4248 luris
409 4199 527 4249 Romani
550 4195 785 4252 anseiustinianei
809 4196 970 4267 fragmenta
995 4196 1133 4248 Vaticana
1160 4211 1174 4247 e
1201 4192 1295 4248 codice
1322 4194 1498 4264 palimpsesto
1524 4199 1597 4249 eruit
1618 4200 1740 4270 Angelus
1765 4204 1870 4257 Maius.

93 4269 225 4387 Prostpnp
242 4268 342 4319 Itomae
361 4279 387 4317 es
407 4267 541 4321 Berclini.
567 4269 641 4336 1824.
676 4266 855 4320 Desideratur
874 4268 1085 4319 commentarius
1105 4266 1232 4333 praevius
1251 4265 1379 4315 notitiam
1391 4264 1494 4318 codicis
1509 4282 1590 4318 manu
1605 4269 1698 4337 scripti
1714 4274 1871 4338 continens,

94 4345 123 4388 et
141 4345 168 4388 ta
191 4354 234 4387 ue
256 4339 313 4387 aeri
329 4337 425 4387 incisa.

163 4409 192 4476 9)
227 4405 361 4458 iudicium
381 4406 415 4458 de
434 4405 484 4458 hac
504 4405 626 4459 editione
646 4405 729 4458 huius
747 4406 802 4459 loci
820 4420 877 4458 non
896 4411 945 4457 est.
992 4402 1109 4456 Silentio
1137 4409 1228 4454 tamen
1247 4401 1396 4471 praeterire
1416 4419 1472 4456 non
1500 4421 1629 4473 possum.
1660 4407 1868 4466 emendationes

93 4483 151 4528 tum
172 4491 187 4524 a
205 4475 316 4529 Savinio
335 4490 441 4527 mecum
461 4478 674 4530 communicatas
692 4483 750 4528 tum
770 4492 785 4526 a
802 4492 846 4529 me
866 4474 1033 4543 propositas.
1056 4489 1122 4543 quas
1140 4489 1174 4524 ex
1192 4471 1292 4525 scholis
1313 4472 1381 4523 meis
1403 4489 1432 4525 se
1452 4489 1514 4526 acce
1534 4477 1587 4528 isse
1607 4477 1801 4534 Buchholtzius
1816 4482 1866 4534 de-

92 4546 193 4605 clarat,
210 4561 306 4628 parum
325 4554 455 4601 accurate
478 4562 541 4600 eum
561 4546 722 4599 reddidisse.
758 4544 884 4615 Exempli
904 4559 985 4598 eausa
1002 4543 1127 4596 videatur
1144 4541 1166 4613 ᾗ.
1183 4542 1227 4610 46.
1255 4541 1304 4595 ubi
1327 4542 1401 4613 perit
1427 4544 1551 4614 scripsit,
1578 4548 1654 4618 quod
1673 4563 1755 4601 sensu
1773 4561 1866 4617 caret,

91 4630 143 4684 pro
161 4632 218 4668 non
233 4629 314 4685 perse.

169 4686 209 4749 ιο)
245 4684 515 4738 Animadversionem
533 4685 681 4740 nonnullas
698 4684 804 4755 publici
824 4683 892 4736 iuria
910 4681 977 4737 t'ecit
994 4684 1024 4736 ln
1041 4683 1201 4738 lectionum
1219 4681 1291 4736 iuris
1312 4681 1405 4737 cicilia
1424 4699 1483 4756 cap.
1498 4684 1520 4737 1.
1537 4682 1616 4757 quod
1630 4685 1759 4758 praeside
1786 4693 1818 4745 A.
1836 4691 1867 4752 F.
1928 4679 1937 4700 ⁸
1961 4696 1963 4707 '

92 4752 211 4808 Rarhow
229 4751 284 4825 defi
299 4759 329 4807 A.
342 4753 376 4808 de
394 4755 534 4820 iinssdorfi
552 4753 751 4826 Gryphisweld.
773 4754 846 4812 182&
865 4755 889 4820 4.

165 4825 207 4888 ιι)
244 4828 281 4875 ls'x
299 4828 372 4876 notis
391 4825 450 4877 eins
469 4828 696 4893 manuscriptis,
716 4823 817 4895 qulbus
836 4822 876 4875 utl
895 4821 990 4883 licuit,
1017 4820 1088 4873 eliae
1106 4819 1209 4874 codicis
1227 4819 1390 4890 scripturam
1408 4823 1558 4877 accuratius
1578 4839 1661 4895 quarn
1678 4824 1748 4883 ldali
1772 4846 1864 4882 arem.

91 4892 168 4962 plum
190 4893 336 4954 exhibent,
360 4895 430 4946 aliae
450 4897 619 4949 restitutioni
639 4902 782 4947 contextus
802 4892 963 4945 inserviant.

165 4964 206 5029 ra)
243 4963 346 5014 Summi
364 4965 415 5015 viri
436 4980 536 5017 nomen
551 4966 656 5019 incuria
677 4966 807 5018 omissum
822 4963 920 5033 supple
938 4962 969 5015 in
988 4969 1047 5017 not.
1070 4976 1126 5030 rap.
1144 4959 1180 5012 ad
1198 4957 1271 5031 §.la
1292 4975 1353 5013 nam
1370 4960 1446 5029 prius
1467 4961 1686 5017 emendationem
1707 4964 1750 5018 ibi
1766 4969 1862 5039 prola·

92 5041 148 5084 um
164 5041 454 5163 rplrffibuehrdatiioues,
470 5118 538 5172 quas
558 5101 669 5159 Savinio
687 5103 893 5163 transmiserat,
910 5099 1022 5170 publice
1036 5101 1182 5170 proposuit
1197 5101 1226 5152 iu
1244 5096 1334 5153 strar.
1352 5099 1414 5158 vot,
1433 5099 1479 5152 Vh
1498 5117 1524 5169 p.
1545 5103 1604 5155 iar.
1622 5117 1670 5175 seq
1688 5139 1698 5158 .
1836 5099 1838 5104 '

168 5171 209 5238 si)
245 5172 422 5224 coniecturas
439 5173 474 5254 ad
494 5176 536 5225 tit.
556 5172 668 5244 quando
688 5171 811 5227 donatos·
830 5171 877 5224 rel.
904 5179 932 5223 ct
956 5167 990 5252 de
1013 5167 1210 5223 donationibus
1228 5171 1275 5226 rel
1292 5172 1461 5238 pertinentes
1480 5169 1510 5222 in
1528 5171 1599 5224 Dias.
1617 5170 1651 5227 ds
1671 5121 1730 5244 ng
1750 5174 1862 5242 Cincin,

95 5238 190 5294 beret.
210 5243 282 5295 1825.
302 5246 325 5297 d
343 5250 504 5326 propqsuqt,
522 5241 588 5324 piiss
603 5258 687 5327 mane
707 5243 821 5326 scriptas
840 5250 898 5294 tum
917 5239 951 5291 ab
971 5255 1042 5308 ipso,
1061 5248 1118 5324 tqm
1137 5255 1152 5288 a
1173 5240 1287 5292 chnzio
1308 5241 1470 5323 {ecepimus

98 5312 218 5446 ¹8²⁴qu
251 5312 292 5364 De
309 5313 376 5381 legra
395 5310 506 5364 Cinnae
525 5327 584 5363 rure
603 5330 647 5366 sn:
676 5312 772 5366 libera.
790 5312 862 5366 Mus.
881 5310 944 5368 Vol.
961 5310 982 5360 1.
1002 5326 1028 5379 p·
1047 5312 1103 5368 rba.
1120 5326 1197 5381 seqq.
1214 5317 1260 5360 et:
1279 5310 1387 5364 Gutsrr.
1404 5307 1455 5364 der
1469 5307 1634 5380 thqattesr.
1652 5310 1714 5364 vot.
1731 5311 1753 5366 l.
1771 5314 1867 5370 error,

170 5451 216 5585 :gi
250 5447 615 5587 ssrrzZipppcthmVo'laa}
636 5451 873 5589 Ῐιιιιειι.1ῗζ3..ωιᾳ
904 5545 941 5561 -
976 5517 1086 5573 Codicis
1106 5514 1294 5573 theodoriani
1311 5517 1378 5572 libri
1399 5518 1428 5569 V.
1449 5519 1568 5588 priores.
1602 5516 1676 5590 lips.
1697 5520 1772 5576 ¹825.
1791 5525 1816 5581 8.
1834 5551 1870 5567 ι-

97 5583 268 5643 emichone
312 5590 346 5640 ol.
366 5591 385 5641 Ι,
414 5591 525 5659 Opnscc.
545 5588 644 5646 acadd
664 5589 817 5646 aaroni
838 5589 958 5658 i,1n'pa.
983 5591 1056 5645 1825.
1072 5590 1101 5645 8.
1119 5604 1145 5658 p.
1164 5587 1294 5641 xxxvii
1315 5604 1392 5659 seqq.
