4560 6562
387 313 476 397 139*
571 316 696 394 IULll
719 316 898 393 PAULLI
923 315 1029 391 REC.
1055 316 1190 399 SENT.
1213 314 1306 390 Lus.
1333 310 1506 410 Quut‘t.
1528 305 1649 401 litt
1684 301 1864 380 e....x1.
1894 300 1979 394 §ti
2078 293 2173 375 ⁸¹40

386 504 466 557 tione
484 516 580 554 carere
598 501 779 572 compellit²,
807 516 842 573 rae
863 500 950 569 petita
970 499 1105 552 bonorum
1124 497 1258 567 possessi·
1304 505 1371 559 tati.
1388 519 1469 555 cauas
1487 501 1540 555 hoe
1557 498 1650 567 eoepit
1676 494 1833 558 observari,
1852 499 1885 545 ut
1907 491 2039 545 aedificet
2059 491 2175 563 quidem

390 605 443 642 one
462 602 504 640 res
525 588 704 641 hereditarias
727 588 898 640 deminuat³:
920 584 972 637 hoc
984 585 1071 636 enimi
1087 601 1149 637 casu
1163 601 1197 636 ea
1211 584 1257 636 die
1305 593 1350 643 cui
1374 588 1521 641 aedificare
1549 587 1679 646 interest,
1706 589 1818 650 cogatur
1836 594 1903 635 vero
1921 580 2011 632 socius
2037 580 2173 649 portionis

391 675 573 743 interpositae
592 674 781 742 stipulationis
801 674 899 741 duplos
914 672 1017 723 fructus
1036 679 1174 740 praestare
1182 687 1258 722 coru·
1304 691 1372 731 auae
1389 675 1526 746 impensas
1546 684 1701 742 agnoscere.

347 780 351 787 ·
390 761 514 830 pellitur.
540 760 627 812 Huius
641 762 714 812 enim
731 759 932 828 praeiudicium
952 774 967 809 a
987 760 1129 826 superiore
1139 756 1258 818 differt⁵,

392 862 448 916 qno
466 847 608 916 quaeritur
640 864 674 898 an
702 861 735 897 ea
758 862 816 907 res,
846 845 880 894 de
900 862 954 914 qua
980 845 1088 913 agitur,
1116 846 1203 895 maior
1224 846 1261 896 sit

393 939 502 985 centurn
522 933 672 1000 sestertiis3
703 933 823 1001 ideoque
848 931 877 983 in
897 932 1048 1000 longiorem
1075 930 1147 982 diem
1168 931 1261 982 conci·

392 1017 500 1086 pilur⁶.
571 1017 592 1087 5.
612 1035 636 1070 a.
673 1019 712 1069 Ea
732 1017 778 1067 die
796 1017 901 1087 accepti
926 1017 1023 1068 iudicii
1050 1016 1129 1084 dupli
1157 1016 1261 1068 sructus

394 1110 598 1172 computantur.
616 1110 716 1155 ettam
736 1103 833 1155 dantes
852 1120 932 1172 quam
949 1104 1127 1170 accipientes,
1145 1100 1262 1154 heredes

394 1204 506 1258 quoque
524 1205 630 1252 eorum,
648 1197 853 1258 procuratores,
875 1188 1100 1258 cognitorumquc
1118 1203 1263 1256 personae,

394 1276 519 1344 itemque
536 1291 681 1342 sponsores
700 1275 797 1328 eadem
814 1275 996 1343 stipulatione
1023 1272 1265 1342 comprehendun-

395 1366 454 1423 tur;
474 1375 715 1431 eorumquoque,
736 1377 853 1432 quorum
875 1361 987 1411 nomine
1007 1361 1187 1429 promittitur.
1242 1358 1264 1430 §.

396 1448 421 1500 3.
459 1443 577 1513 Quoties
602 1447 754 1500 iudicatum
786 1446 855 1499 solvi
894 1448 1075 1515 stipulatione
1104 1444 1264 1506 satisdator,

397 1532 497 1584 omissa
515 1533 575 1584 eius
597 1532 669 1585 aetio
690 1535 730 1585 rei
750 1531 887 1584 iudicatae
906 1533 1125 1601 persecutionem
1144 1549 1200 1584 non
1217 1549 1265 1583 ex-

398 1617 495 1670 cludit.
567 1617 589 1688 §.
611 1619 635 1686 4.
671 1618 842 1686 Emancipati
870 1617 951 1668 liberi
972 1619 1114 1687 praeteriti
1134 1620 1157 1669 si
1178 1619 1268 1670 velint

400 1717 430 1754 se
449 1702 562 1755 miscere
589 1711 721 1772 paternae
744 1703 910 1767 hereditati,
939 1711 968 1755 et
985 1720 1043 1754 cum
1068 1702 1131 1763 his,
1159 1704 1206 1773 qui
1237 1704 1267 1754 in

399 1796 538 1857 potestate
558 1792 754 1853 remanserint,
772 1794 922 1841 communis
941 1792 1027 1858 patris
1045 1789 1169 1841 dividere
1187 1788 1267 1840 herc·

402 1874 533 1937 ditatcm,
561 1882 709 1947 antequam
728 1875 862 1926 bonorum
881 1877 1079 1944 possessiouem
1099 1882 1208 1941 petant,
1234 1874 1268 1923 dc

403 1959 570 2012 conferendo
587 1978 682 2014 cavere
702 1978 763 2012 cum
781 1960 963 2013 satisdatione
991 1961 1143 2018 debebunt,
1170 1959 1270 2030 quodsi

401 2044 534 2098 satisdare
552 2063 609 2100 non
626 2056 757 2116 possunt,
783 2049 874 2098 statim
901 2065 934 2099 ea
960 2046 1014 2098 lide
1043 2047 1178 2097 bonorum
1206 2062 1272 2096 cou-

401 2130 576 2197 iusioueml,
600 2140 714 2204 excepto
739 2132 850 2202 peculio
876 2134 1024 2197 castrensi,
1049 2131 1139 2183 facere
1157 2130 1272 2200 cogendi

401 2225 476 2275 aunt.

473 2394 536 2438 rrr.
556 2395 585 2440 r.
627 2395 666 2436 ns
690 2395 913 2447 coaepauauna
934 2394 1149 2435 aucroarrsrs
1175 2379 1194 2440 ¹.

403 2504 459 2574 51.
482 2503 526 2558 ob
550 2511 654 2556 metum
669 2503 856 2575 impendentis
876 2505 969 2555 damni
990 2506 1097 2565 ricinus
1115 2504 1206 2556 ricino
1225 2520 1269 2554 sa-

404 2590 507 2643 tisdare
531 2587 632 2655 debet,
657 2590 759 2644 additis
780 2591 978 2662 sponsoribus,
1003 2607 1086 2658 super
1112 2593 1165 2642 eo²
1195 2589 1270 2660 quod

404 2673 498 2728 damni
516 2673 655 2728 acciderit.
732 2675 755 2748 5
774 2695 798 2730 a·
832 2677 874 2729 De
893 2677 1031 2727 communi
1045 2677 1174 2744 pariete³
1192 2676 1271 2727 utili·

402 2901 443 2955 cf.
465 2899 524 2952 Cui.
544 2898 624 2952 adh.
645 2901 664 2957 l.
735 2900 765 2971 a)
786 2899 871 2957 Goth.
889 2900 917 2950 S.
935 2901 1115 2971 compellitur.
1176 2901 1270 2968 3)Bo.

403 2970 430 3022 S.
452 2970 514 3021 Cui·
533 2973 576 3037 66.
596 2973 637 3024 86.
658 2969 761 3026 Gener,
781 2971 833 3028 Au.
853 2969 998 3022 diminuat.
1035 2971 1062 3039 4)
1081 2972 1141 3026 Cui.
1157 2973 1199 3027 56.
1218 2972 1268 3023 hu.

402 3054 502 3094 aretem.
540 3040 602 3096 Seh.
620 3040 692 3092 coni.
712 3042 804 3092 etium.
841 3041 867 3110 5)
889 3039 973 3090 Codd.
991 3040 1072 3093 Goth.
1093 3042 1151 3090 Cui.
1172 3039 1268 3110 deseres.

402 3114 431 3178 ss)
468 3109 550 3160 Goth.
571 3110 598 3167 S.
619 3111 750 3181 concepit.
786 3111 833 3163 130,
852 3111 986 3180 conscipit.
1048 3112 1166 3180 willon.
1187 3111 1268 3162 Goth.

403 3183 632 3250 competitionem.

476 3251 508 3303 h.
549 3253 571 3318 ι)
594 3247 677 3298 Codd.
698 3247 757 3299 Cui.
786 3245 951 3300 hereditate.
989 3247 1118 3297 Cuiacius
1143 3245 1176 3298 ud
1206 3245 1233 3302 h,
1251 3245 1268 3295 l.

403 3327 518 3369 annotat
537 3318 689 3386 »Equidem
708 3317 801 3367 malim
821 3325 868 3367 aut
889 3333 950 3365 euru
969 3317 1081 3366 titulum
1096 3316 1269 3368 omniuocir-

404 3388 587 3437 eurnscribere
617 3394 666 3436 aut
696 3387 786 3453 legere
815 3384 848 3436 de
872 3385 1010 3437 communi
1034 3387 1171 3454 parietc.”
1241 3387 1269 3455 a)

404 3458 486 3507 Goth.
506 3455 602 3507 domni
622 3456 713 3507 vicino
725 3473 746 3509 s,
764 3453 791 3507 d.
808 3467 834 3505 et
852 3452 928 3506 dotis
948 3474 986 3524 sp.
1010 3471 1093 3524 snper
1117 3472 1185 3506 essm.
1222 3457 1268 3506 Bo.

404 3524 502 3576 domni
522 3528 620 3577 vicino
638 3523 774 3576 satisdare·
791 3522 833 3585 ἅ..
853 3522 928 3575 datis
946 3543 967 3575 ι.
986 3541 1006 3574 s.
1025 3541 1048 3575 s.
1067 3526 1093 3575 ss'
1110 3521 1192 3592 quod.
1242 3526 1270 3592 3)

406 3596 431 3643 S.
450 3593 532 3646 rerba
556 3592 589 3646 de
614 3596 751 3646 cosnnsnns'
775 3596 884 3664 pariete
910 3609 971 3645 curn
996 3597 1133 3645 sententia
1158 3609 1270 3662 praece·

406 3666 488 3715 dente
507 3664 658 3732 coniungit.

1507 790 1567 837 rit.
1588 792 1630 838 xi.
1674 790 1714 831 DE
1735 787 1974 830 nouartotttntss.

1309 878 1333 944 5.
1358 892 1380 929 ι.
1416 873 1527 943 Species
1555 880 1631 922 extra
1658 867 1751 920 dotem
1776 884 1791 918 a
1816 875 1903 919 matre
1922 865 1950 917 in
1970 864 2110 918 honorem
2128 884 2178 922 nn-

1309 961 1430 1032 ptiaruns
1446 965 1592 1027 praesente
1610 956 1668 1007 lilia
1684 953 1914 1024 generotrsditae
1925 953 2107 1006 donationem
2117 972 2179 1026 per·

1312 1049 1409 1101 secisse
1428 1045 1560 1097 videntur
1574 1047 1591 1093 ¹.
1672 1040 1695 1113 5
1714 1059 1739 1094 a.
1776 1037 1904 1092 Probatio
1922 1039 2041 1092 traditae
2064 1039 2110 1091 ael
2126 1057 2180 1094 uun

1312 1133 1432 1186 traditae
1451 1127 1632 1202 possessionis
1656 1146 1714 1182 uon
1731 1132 1788 1178 tam
1807 1128 1837 1178 in
1861 1127 1922 1178 inre
1945 1142 2027 1197 quarn
2051 1128 2084 1179 in
2110 1126 2181 1182 iacto

1313 1221 1455 1284 consistit3
1483 1215 1603 1288 ideoque
1623 1212 1722 1269 suffieit
1742 1212 1778 1266 ad
1796 1211 1989 1283 probationem
2007 1213 2031 1265 si
2048 1228 2110 1265 rem
2126 1229 2183 1269 ooo·

1313 1305 1447 1378 poraliter
1464 1304 1603 1354 teneant2.
1673 1299 1696 1372 §.
1711 1302 1737 1353 3.
1758 1300 1838 1352 Pater
1856 1300 1880 1349 si
1897 1299 1957 1350 lilio
1976 1297 2118 1349 iamillss⁸
2134 1300 2184 1352 ali·

1314 1393 1384 1463 quid
1403 1390 1546 1443 donaverit
1562 1387 1638 1441 etin
1657 1402 1690 1438 ea
1707 1384 1849 1439 voluntate
1866 1398 2044 1454 perseverans
2063 1382 2186 1439 dceessa·

1316 1481 1370 1541 rit,
1394 1485 1482 1528 morte
1506 1475 1592 1544 patris
1617 1471 1731 1525 donatio
1758 1471 1933 1525 convalescit·
2012 1469 2083 1540 54.
2119 1470 2185 1524 Cum

1316 1566 1398 1618 unius
1424 1565 1463 1615 rei
1490 1563 1521 1613 in
1546 1560 1614 1612 duos
1632 1556 1745 1612 donatio
1764 1557 1922 1620 confertur,
1946 1557 2042 1626 potior
2066 1556 2187 1620 sistite,

1318 1653 1361 1702 eui
1388 1666 1430 1703 res
1456 1649 1557 1699 tradita
1582 1654 1638 1698 est:
1666 1661 1717 1697 nec
1743 1645 1860 1697 interest
1893 1645 2031 1712 posterior
2066 1643 2130 1715 quis
2152 1658 2189 1697 aa

1317 1739 1393 1806 prior
1421 1735 1576 1802 acceperit,
1609 1739 1639 1783 et
1663 1739 1792 1799 exceptae
1816 1744 1904 1781 necne
1929 1743 2069 1798 personae
2095 1728 2188 1781 aiot⁸.

1319 1826 1384 1893 55.
1421 1820 1523 1872 invitus
1549 1819 1667 1871 donator
1692 1817 1727 1868 de
1755 1816 1912 1869 evictione⁸
1928 1813 1969 1868 rei
1987 1812 2110 1865 donatae
2126 1831 2189 1884 psu-

1317 1910 1427 1962 mittere
1445 1923 1500 1957 non
1518 1905 1623 1970 cogitur
1634 1904 1661 1965 ⁶,
1688 1918 1740 1953 uec
1757 1919 1790 1954 eo
1809 1901 1938 1964 nomine,
1960 1903 2005 1953 si²
2022 1901 2190 1970 promiserit,

1320 2003 1465 2055 oneratur,
1490 1992 1555 2062 quia
1584 1989 1734 2040 lucratirae
1761 1989 1800 2040 rei
1823 2003 1964 2055 possessor
1988 1986 2025 2038 ab
2045 1987 2190 2040 evictionis

1318 2081 1427 2132 actione
1445 2079 1503 2148 ipsa
1525 2077 1591 2128 iuris
1608 2075 1716 2129 ratione
1734 2074 1892 2144 depellitur.

1321 2165 1343 2236 §.
1366 2167 1407 2222 δι.
1429 2163 1468 2236 [ι)
1508 2165 1540 2217 Sa'
1556 2175 1639 2232 pater
1658 2162 1828 2230 emancipati
1843 2160 1909 2228 fitis·
1926 2162 2040 2214 nominc
2059 2158 2191 2214 donatio-

1319 2254 1363 2304 nis
1383 2253 1475 2303 animo
1499 2250 1647 2320 pecuniosi
1662 2246 1853 2319 foeneravit⁸
1869 2265 1985 2319 nmque
2002 2248 2089 2319 filius
2106 2252 2191 2317 stipo·

1319 2339 1393 2390 latus
1411 2338 1487 2400 esst,
1521 2339 1582 2407 ipso
1600 2336 1695 2388 s'nrelo
1713 2333 1865 2405 perfectum
1882 2333 2064 2389 donationem
2087 2332 2193 2404 ambigi

1319 2441 1377 2475 nou
1393 2434 1491 2490 poscat.

1320 2509 1341 2578 5.
1360 2511 1385 2560 6.
1422 2509 1468 2568 Ei,
1494 2508 1542 2575 qui
1561 2506 1682 2577 aliquem
1709 2505 1906 2585 alatrqncnlia
1924 2505 2110 2558 actionibus
2129 2507 2192 2558 eri-

1320 2594 1392 2662 puit,
1409 2593 1439 2643 in
1459 2593 1597 2643 infinitum
1617 2593 1721 2645 donare
1729 2596 1751 2627 ⁸¹
1768 2608 1825 2646 non
1843 2591 2018 2661 prohibemur
2036 2595 2078 2661 ¹²3
2102 2594 2190 2648 alra·

1319 2696 1383 2730 rnen
1402 2677 1514 2731 donatio
1544 2679 1608 2731 et¹³
1633 2691 1690 2731 non
1714 2694 1817 2732 merces
1846 2679 1942 2731 eximii
1964 2678 2070 2731 laboris
2091 2679 2191 2750 appel·

1389 2901 1435 2959 Xl,
1473 2901 1496 2972 ι)
1516 2903 1562 2952 Bo.
1590 2901 1622 2954 Si
1637 2903 1740 2969 species
1760 2938 1768 2955 .
1788 2939 1817 2952 ..
1840 2899 1964 2954 truds’tae
1978 2901 2111 2969 fuerint,
2127 2900 2153 2954 d.
2160 2923 2188 2974 ρ.

1320 2968 1443 3023 videtur.
1483 2971 1567 3027 Goth.
1592 2973 1682 3039 specis
1701 3011 1710 3030 .
1729 3013 1737 3030 .
1756 3008 1762 3020 .
1782 2969 1896 3023 videtur.
1967 2976 1996 3044 a)
2034 2973 2120 3026 Goth.
2139 2974 2188 3046 qui

1318 3057 1374 3092 rem
1394 3079 1403 3097 .
1422 3078 1429 3092 .
1449 3078 1457 3096 .
1476 3043 1606 3095 retineat.
1659 3042 1705 3098 B.
1730 3052 1833 3095 teneat.
1885 3042 2188 3096 hiecconiam

1320 3112 1348 3176 3)
1369 3111 1395 3161 S.
1413 3109 1474 3164 Cui.
1492 3111 1538 3163 66.
1560 3112 1600 3164 86.
1620 3109 1678 3162 Gen
1697 3128 1720 3162 r.
1742 3113 1791 3164 au.
1807 3109 1872 3182 filio
1881 3109 2024 3178 familiae.
2096 3113 2126 3179 4)
2142 3114 2186 3164 lio.

1317 3195 1405 3249 neque
1424 3181 1499 3231 ullae
1519 3193 1647 3248 exceptae
1664 3195 1801 3249 personas
1827 3191 1897 3229 susat.
1947 3182 1974 3232 S.
2006 3193 2036 3235 ct
2059 3194 2186 3253 accepera

1318 3248 1869 3373 bittit,{iltritt‘fdtttti
1885 3266 1948 3318 ''⁶''
1965 3270 1995 3392 ἕ)
2032 3251 2187 3377 dlii.

1318 3399 1408 3456 geter.
1486 3389 1514 3456 7)
1550 3389 1613 3439 Ritt.
1633 3393 1704 3444 coni.
1727 3392 1792 3441 ns'ss'.
1867 3385 1908 3460 [a]
1938 3389 1969 3447 L.
1987 3394 2029 3458 34.
2051 3409 2092 3443 aa.
2110 3394 2142 3450 D.
2155 3409 2187 3444 ns

1319 3473 1466 3512 nonrrson.
1543 3459 1571 3524 8)
1590 3457 1648 3508 llal.
1657 3457 1864 3532 foeneraverit.
1935 3460 1963 3528 9)
2002 3463 2100 3516 r'1.se
2146 3463 2186 3530 ιο)

1320 3526 1406 3580 hebd.
1432 3525 1528 3577 inserit
1546 3545 1610 3580 esse.
1686 3530 1728 3599 ιι)
1755 3529 1837 3580 Goth.
1857 3531 1882 3580 S.
1898 3526 1981 3592 dare,
1999 3533 2050 3585 scd
2070 3532 2131 3582 S.l.
2154 3548 2186 3582 nu

1319 3593 1436 3646 donare.
1525 3597 1566 3657 ιι)
1587 3598 1668 3649 Goth.
1688 3602 1733 3654 Ro.
1752 3600 1778 3650 S.
1795 3599 1967 3670 prohibetur.
2060 3605 2105 3674 ι3)
2129 3601 2186 3654 ent

1320 3668 1364 3722 58,
1384 3665 1462 3716 l'abr.
1481 3681 1533 3717 om.
1555 3678 1589 3719 et.

404 3810 2190 3847 m

404 3909 515 3960 stitutus
533 3904 679 3957 redhibere
697 3904 878 3973 compellitur.
916 3903 937 3974 5.
949 3923 973 3955 a.
992 3903 1070 3955 Exea
1082 3903 1145 3966 dic,
1168 3920 1220 3974 qua
1240 3903 1273 3954 dc

405 3993 484 4027 causa
509 3977 595 4026 suerit
615 3974 784 4035 iudicatum,
814 3975 836 4024 si
857 3973 885 4023 in
905 3973 1093 4025 redhibitione
1112 3991 1186 4025 ruora
1203 3973 1273 4024 iacta

405 4049 504 4096 luerit,
524 4045 602 4112 dupli
618 4045 722 4094 fruetus
737 4048 939 4110 computantur.
961 4049 1052 4093 ettam
1074 4043 1102 4092 lsi
1122 4045 1170 4112 qui
1190 4043 1272 4093 addi-

405 4119 441 4167 cti
455 4115 574 4174 l'uerint,
594 4130 674 4184 quam
693 4113 776 4175 etiarn
784 4111 900 4163 heredes
911 4129 1005 4162 eorum
1017 4111 1061 4164 rel
1084 4123 1272 4179 procuratores

404 4195 450 4238 aut
469 4187 622 4254 cognitores
637 4182 680 4233 vel
693 4181 866 4233 fideiussores
877 4182 970 4232 eadem
988 4183 1132 4252 promissio
1146 4197 1272 4250 compre·

403 4256 509 4309 boudit.
532 4254 582 4304 llic
591 4255 672 4305 etiam
684 4251 796 4303 tenendi
807 4259 871 4301 ssent
880 4268 996 4319 quorum
1009 4251 1120 4302 nomine
1132 4253 1204 4302 sacta
1214 4252 1274 4302 lue·

404 4329 441 4377 rit
453 4325 605 4394 promissio.
644 4322 694 4393 53.
715 4320 857 4391 Siquando
877 4336 956 4371 caiisa
970 4336 1021 4387 per
1039 4320 1171 4372 iudiciuin
1189 4322 1273 4372 luerit

405 4397 569 4455 terminata,
580 4399 608 4444 ct
625 4391 738 4444 iudicati
753 4391 853 4442 solutio
865 4391 1042 4441 fideiussione
1054 4392 1215 4460 interposita
1230 4390 1273 4440 su·

405 4467 459 4516 erit
475 4465 653 4530 repromissa,
673 4463 695 4512 si
710 4464 742 4521 is,
760 4461 803 4510 cui
820 4459 960 4511 fideiussio
974 4460 1099 4527 praebita
1115 4468 1171 4521 est,
1191 4461 1272 4512 huius

407 4535 447 4584 rei
465 4534 599 4583 actionem
617 4531 742 4600 qualibet
750 4533 856 4581 ratione
868 4530 1032 4591 tardaverit,
1051 4531 1269 4598 apessecutioue

406 4606 463 4659 rei,
480 4619 549 4671 quae
565 4601 674 4652 addicta
689 4609 738 4661 est,
758 4617 814 4651 non
825 4599 987 4652 excluditur.
1024 4599 1045 4669 5
1053 4597 1079 4656 d.
1100 4601 1269 4668 Emancipati

406 4674 457 4724 lilii
477 4675 499 4722 si
519 4672 603 4737 patris
618 4676 781 4721 testamento
792 4668 897 4721 luerint
923 4671 1108 4737 praetermissi
1128 4679 1156 4721 et
1174 4686 1202 4720 se
1221 4687 1269 4737 pa·

407 4751 501 4794 tersiae
516 4739 664 4791 hereditati
681 4756 741 4790 curn
756 4738 869 4808 reliquis
892 4739 1023 4790 fratribus
1052 4739 1119 4857 (qui
1137 4740 1167 4789 in
1191 4749 1269 4807 pote·

406 4820 476 4862 state
503 4817 660 4861 ruanserunt
680 4807 760 4860 addit
779 4811 890 4872 Genea)
909 4811 1022 4860 miscere
1043 4809 1077 4860 ‘ro
1092 4811 1199 4869 serint,
1233 4809 1268 4860 de

407 4878 607 4933 confundendis
620 4878 710 4938 rebus,
719 4893 785 4948 quas
796 4895 811 4927 a
821 4886 898 4946 patre
909 4881 1136 4946 emancipationis
1147 4885 1270 4947 tempore

407 4950 599 5021 perceperint,
630 4947 804 4998 fideiussores
827 4947 892 4999 dare
912 4949 1131 5017 compelluntur,
1157 4951 1204 5017 qui
1225 4966 1270 5001 eos

408 5024 499 5075 omniu
527 5018 657 5069 divisioni
676 5018 814 5068 refusuros
837 5033 885 5068 sua
900 5019 1080 5071 lidciussione
1102 5012 1270 5087 promittisnt

407 5085 672 5162 qino-›rsitruiusmodi
691 5086 861 5139 fideiussores
872 5105 927 5139 non
946 5088 1088 5152 dederint,
1108 5089 1200 5139 statim
1217 5089 1270 5141 lide

406 5163 496 5213 medin
520 5159 709 5211 confusionem
733 5173 822 5207 rerum
850 5159 986 5221 omnium,
1005 5176 1072 5230 quas
1098 5166 1270 5227 acceperunt,

406 5232 495 5282 lucere
507 5228 724 5298 compelluntur,
738 5227 858 5293 exceptis
878 5235 970 5281 taurcn
989 5230 1069 5280 rebus
1086 5244 1153 5300 quas
1171 5228 1206 5280 de
1223 5244 1268 5278 ca-

406 5306 503 5353 strensi
517 5298 628 5369 peculio
646 5296 748 5347 habere
767 5296 927 5363 probantur,

1322 3917 1415 3953 tuntuu
1432 3898 1543 3963 lecerit,
1570 3901 1670 3952 asocio
1684 3901 1825 3953 sarciatur.
1858 3901 1905 3953 scd
1917 3904 1939 3955 si
1961 3902 1996 3953 ab
2018 3918 2077 3953 unu
2095 3919 2128 3955 ex
2143 3904 2188 3955 hia

1323 3973 1473 4022 communis
1486 3972 1575 4037 paries
1592 3979 1704 4040 propter
1717 3981 1820 4023 metum
1829 3975 1925 4023 ruinae
1936 3973 2021 4024 luerit
2036 3984 2188 4044 reparatus,

1322 4043 1457 4109 impensas
1469 4041 1591 4093 fabricae
1607 4044 1695 4093 socius
1710 4041 1753 4092 illi
1766 4059 1815 4111 pro
1833 4045 1961 4110 portione
1979 4058 2029 4093 sua
2048 4052 2189 4114 praestare

1323 4111 1458 4178 cogendus
1468 4118 1516 4161 est.

1357 4181 1399 4231 Xl.
1421 4179 1442 4249 5.
1462 4198 1484 4230 a.
1514 4179 1543 4232 Si
1554 4182 1627 4230 inter
1638 4179 1746 4248 aliquos
1759 4177 1794 4231 sle
1806 4180 1907 4234 tradita
1918 4188 1968 4232 asrt
1977 4198 2037 4232 nou
2046 4181 2150 4234 tradita
2160 4197 2191 4234 rc

1320 4257 1447 4300 nascatur
1465 4252 1600 4308 intentio,
1619 4248 1700 4299 huius
1717 4251 1757 4300 rei
1770 4251 1897 4318 probatio
1911 4268 1967 4302 non
1986 4252 2014 4302 in
2026 4252 2091 4303 iure
2103 4255 2192 4305 autin

1322 4323 1472 4387 scriptura,
1483 4321 1569 4371 sedin
1584 4320 1654 4369 iacto
1664 4326 1775 4370 constat.
1794 4320 1858 4372 ideo
1871 4320 1905 4373 ad
1917 4336 2025 4371 ornnem
2045 4321 2191 4391 probatio·

1322 4405 1384 4440 uem
1399 4389 1512 4452 sullicit,
1533 4391 1556 4439 si
1573 4405 1615 4439 res
1632 4389 1666 4438 ab
1678 4405 1727 4452 co,
1747 4389 1794 4458 qui
1806 4390 1860 4441 sibi
1868 4390 1997 4441 traditam
2012 4395 2128 4453 asserit,
2148 4401 2189 4443 te·

1323 4468 1428 4511 nentur.
1464 4458 1486 4528 5.
1509 4463 1531 4527 4.
1550 4460 1578 4510 Si
1590 4458 1690 4529 aliquis
1704 4474 1786 4508 unam
1800 4477 1854 4511 rem
1868 4460 1977 4512 duobus
1988 4478 2038 4528 per
2051 4461 2187 4531 legitimas
2225 4462 2233 4482 ‘

1321 4531 1466 4596 scripturas
1476 4528 1628 4588 donaverit,
1643 4529 1690 4578 uni
1705 4530 1779 4597 prius
1791 4538 1819 4580 et
1829 4529 1909 4582 alteri
1923 4539 2027 4599 postea,
2039 4548 2188 4602 nonqusa·

1320 4600 1433 4649 rendum
1446 4607 1487 4649 cst
1503 4602 1532 4648 in
1547 4599 1590 4650 bis
1607 4598 1805 4650 donationibus
1819 4600 1869 4670 qui
1881 4603 1966 4669 prior,
1986 4603 2033 4672 qui
2052 4604 2189 4670 posterior

1319 4670 1364 4733 sit,·
1380 4667 1482 4738 seelqui
1493 4686 1548 4721 rem
1564 4667 1689 4719 tradente
1699 4667 1831 4722 donatore
1847 4671 2009 4739 possederit,
2027 4672 2051 4722 is
2061 4688 2131 4733 eam,
2144 4672 2187 4723 cui

1319 4739 1484 4802 eutrochia,
1502 4735 1662 4808 possidebit
1682 4755 1732 4789 nec
1742 4743 1856 4792 interest
1871 4749 1961 4791 utrum
1974 4742 2003 4791 iu
2014 4749 2144 4809 parentes
2154 4759 2188 4793 aa

1319 4811 1347 4860 in
1360 4817 1502 4859 extraneos
1520 4809 1582 4859 tulis
1592 4809 1628 4858 sit
1638 4806 1709 4856 sacta
1724 4806 1844 4861 (lunatio,
1882 4809 1904 4880 5.
1923 4811 1949 4867 5.
1965 4810 1994 4859 Si
2009 4812 2114 4881 aliquis
2131 4829 2189 4864 acm

1321 4879 1388 4929 iuris
1408 4879 1450 4929 sui
1478 4881 1611 4946 scriptura
1633 4876 1835 4932 interveniente
1853 4879 2015 4941 donaverit,
2041 4883 2188 4937 evictionis

1319 4965 1436 5016 poenam
1446 4949 1499 4999 sibi
1512 4948 1680 4999 constituere
1688 4947 1852 5001 invitusnon
1863 4950 2051 5018 compellitur.
2062 4954 2096 5003 ad
2105 4968 2188 5021 quam

1320 5036 1392 5080 rem,
1418 5019 1523 5069 etiamsi
1543 5017 1636 5069 voleus
1656 5020 1831 5086 promiserit,
1859 5036 1914 5072 non
1935 5027 2028 5089 potest
2055 5025 2188 5087 resins-rt,

1320 5089 1385 5158 quia
1394 5106 1451 5148 res,
1470 5089 1542 5158 quad
1554 5089 1656 5138 lucrum
1668 5090 1749 5140 alteri
1761 5090 1845 5153 facit,
1869 5091 1996 5140 damnum
2014 5108 2064 5158 pro
2074 5109 2188 5145 munere

1319 5176 1367 5209 suo
1379 5158 1503 5210 donatori
1515 5159 1615 5209 inicere
1628 5176 1684 5210 non
1695 5160 1804 5226 poterit.
1827 5170 1855 5212 et
1869 5163 1891 5210 si
1902 5160 1935 5211 ad
1946 5161 2016 5212 lianc
2027 5179 2085 5212 rem
2099 5163 2189 5220 iacui

1320 5226 1450 5280 donatum
1465 5239 1523 5291 cst,
1540 5228 1698 5280 donatorem
1716 5231 1834 5281 voluerit
1850 5233 1979 5290 attinere,
1998 5231 2033 5279 ab
2050 5233 2104 5285 hac
2120 5233 2189 5284 aeti·

1319 5315 1371 5349 ouc
1383 5299 1547 5350 ouurimodis
1558 5309 1719 5351 removetur.
1735 5300 1845 5367 (Genese.
1857 5299 1935 5353 addit
1944 5301 1988 5351 vel
1998 5303 2045 5352 sic:
2068 5304 2118 5371 qui
2131 5318 2188 5354 rem

444 5371 470 5420 x.
494 5370 526 5440 55
541 5387 596 5422 r.a.
617 5365 758 5436 Siquando
779 5365 919 5436 aliquibus
940 5367 1046 5418 ricinus
1066 5367 1154 5434 paries
1172 5370 1270 5420 ruinae
1317 5383 1394 5417 suasu
1406 5368 2067 5436 donat,cvictionispoeuamscriberenoudebet
2087 5374 2190 5443 quodsi

408 5435 1104 5497 ruetusurideaturostendere,invicemsibidatis
1124 5437 1269 5488 fideiusso-
1318 5437 1474 5505 scripserit,
1495 5439 1519 5488 ei
1531 5455 1586 5489 uon
1603 5440 1735 5507 nocebit)
1771 5438 1827 5510 56.
1848 5440 1938 5509 Siquis
1951 5439 2073 5508 aliquem
2087 5447 2122 5491 dc
2137 5445 2190 5494 ius·

408 5513 484 5565 ribus
504 5511 663 5578 promittere
687 5493 815 5570 debeat,
829 5513 860 5559 ut
876 5506 900 5556 si
917 5506 962 5558 cui
983 5507 1089 5564 vicinus
1108 5509 1199 5577 paries
1221 5507 1271 5561 da·
1317 5509 1436 5561 minanti
1447 5509 1586 5578 periculo,
1604 5510 1684 5562 idest
1700 5509 1934 5563 delatronumaut
1950 5509 2074 5563 bestium
2092 5529 2189 5582 persa-
