4560 6562
1943 322 2016 398 (lii

231 335 302 406 sla
428 329 1218 415 Moss.ETROMM.L1.00L1.tT10.
1267 329 1362 404 TIT.
1388 328 1457 404 Vi.
1500 327 1637 402 KAPP.
1663 327 1731 402 IV.
1765 328 1814 401 V.

235 525 292 575 ullo
312 525 473 591 respectu⁸¹
491 525 605 593 pudoris
625 540 656 576 ac
683 524 795 592 pictatis
812 524 956 576 inruerint.
1036 523 1056 593 §.
1078 523 1102 572 5
1152 521 1253 573 sororis
1274 519 1330 571 illia
1350 525 1429 571 etex
1450 535 1481 571 ca
1500 526 1582 586 nepte
1596 517 1629 581 ¹⁶3
1654 520 1777 588 itemque
1793 531 1826 566 ea
1843 513 1984 566 adlinibus
1996 519 2018 549 ¹²

236 609 292 660 Sed
314 625 494 679 quaecunque
513 611 629 661 antebac
646 611 690 661 rel
718 611 855 679 imperitia
867 611 890 644 Μ
914 609 1103 677 delinquenti·
1151 608 1293 676 privigna,
1311 621 1446 665 noverca,
1464 621 1561 666 socru,
1578 621 1648 655 nuru
1659 605 1689 663 ¹³,
1706 603 1861 672 ceterisque
1876 615 1950 670 quae
1970 615 2018 650 an·

138 700 145 710 '
235 713 299 757 um,
319 697 363 748 vel
380 714 429 764 pro
450 696 601 764 ignorantia
622 698 709 757 iuris,
741 695 904 747 barbaricae
930 695 1102 747 inmanitatis
1150 694 1229 762 tiquo
1248 692 1342 744 iure¹⁹
1358 690 1560 760 prohibentur,
1587 707 1601 741 s
1628 689 1729 760 quibus
1753 695 1862 738 cunctos
1889 686 2017 737 volumus

235 782 290 833 ritu
309 797 342 832 ex
361 782 476 834 inlicitis
490 782 702 833 matrimoniis³³
723 781 853 834 videntur
866 780 992 840 admissa,
1013 796 1101 849 quan·
1150 779 1331 832 abstinerem.
1443 777 1463 848 4
1486 779 1514 835 6.
1548 776 1626 828 Nihil
1647 777 1720 827 enim
1741 775 1793 828 nisi
1811 782 1936 825 sanctam
1955 775 2018 821 acl·

237 882 317 937 qnam
338 875 432 920 essent
451 869 621 920 severissime
635 869 657 902 Ν
676 867 848 927 vindicanda,
868 873 959 918 tamen
978 873 1101 917 contem·
1150 865 1340 918 uenerabile²²
1358 872 1451 917 nostra
1474 864 1534 916 iura
1553 860 1730 923 custodiunt,
1757 861 1841 912 etita
1859 859 1896 911 ad
1912 865 2017 912 tanum

234 955 358 1020 piatione
371 954 395 988 ⁸⁶
413 955 574 1006 clementiae
596 961 704 1003 nostrae
717 950 751 1002 ad
762 952 963 1018 indulgentiam
974 951 1100 1002 volumus
1150 951 1369 1017 magnitudinem
1379 951 1497 1003 itomaas
1508 949 1657 1001 maiestas²³
1675 954 1833 999 cunctorum
1846 945 2019 999 numinum¹⁸

234 1039 388 1107 pcrtinerc;
413 1040 451 1089 ita
469 1048 578 1101 tamen,
607 1046 638 1089 nt
665 1039 824 1108 quicunque
855 1040 884 1090 iu
912 1035 1101 1090 anteactum&
1148 1037 1242 1089 favore
1260 1037 1402 1106 pervenit,
1421 1035 1552 1105 quoniam
1573 1051 1667 1086 omues
1685 1035 1757 1102 leges
1775 1051 1837 1084 suas
1855 1032 2018 1103 religione²⁵

234 1131 342 1192 tempus
353 1124 466 1176 inlicitis
480 1125 647 1192 incestisque
664 1127 718 1175 se8¹
735 1123 916 1175 matrimoniis
932 1122 1101 1191 polluerunt,
1147 1125 1266 1192 sapienti
1287 1121 1455 1192 pudorisque
1480 1121 1671 1173 observatione
1695 1119 1857 1171 deciman.
1950 1118 1973 1189 §.
1992 1137 2016 1186 7.

234 1210 401 1261 hactenusil
426 1211 572 1278 adeptos⁰⁹
597 1228 626 1262 se
653 1226 711 1261 esse
729 1218 848 1261 nostram
866 1208 1102 1276 indulgentiam⁹⁰
1149 1208 1241 1276 Quare
1260 1208 1313 1261 boc
1340 1208 1462 1261 edicto²²
1490 1216 1587 1261 nostro
1616 1208 1739 1258 volomus
1764 1205 1897 1281 omaibqg
1926 1206 2017 1272 palam

235 1298 341 1356 sciant,
372 1305 402 1347 ut
434 1305 496 1362 post
516 1303 570 1347 tarn
590 1294 695 1346 nefaria
712 1297 815 1347 scelera
842 1296 963 1347 vitam⁹¹
988 1294 1100 1364 quidem
1149 1294 1225 1356 fieri,
1244 1294 1319 1363 quod
1339 1294 1547 1364 praeteritorum
1568 1293 1668 1352 venia,
1688 1282 2017 1362 quae²⁹per''clementi-

234 1380 317 1430 sibi⁹²
335 1381 505 1448 gratulentur
525 1397 583 1432 esse
602 1395 770 1431 concurram:
800 1381 887 1432 sciant
904 1387 994 1431 tamen
1006 1381 1029 1416 ⁹³
1045 1397 1100 1432 non
1149 1388 1334 1449 arnnustram
1353 1386 1445 1432 contra
1465 1378 1670 1449 disciplinam²⁹
1688 1377 1796 1429 ridetur
1824 1377 1950 1438 indulta,
1981 1378 2017 1425 sd

233 1468 369 1535 legitimos
383 1467 406 1501 ⁹⁴
434 1484 462 1517 se
489 1468 639 1535 suscepisse
664 1467 785 1527 liberos,
815 1482 883 1537 quos
911 1475 966 1518 tarn
995 1467 1101 1519 nelaria
1149 1446 1309 1519 ei'innrum
1334 1465 1435 1519 delicta
1461 1468 1616 1535 pertineat,
1645 1466 1749 1534 quae³⁰
1778 1467 1807 1514 ln
1836 1462 1910 1514 diem
1939 1463 2016 1514 illa·

233 1556 428 1605 coniunctione
446 1552 630 1620 genueriut⁹⁵.
666 1552 707 1602 Ita
726 1555 799 1603 enim
821 1554 887 1616 fiet,
905 1560 937 1602 ut
955 1552 989 1613 de
1006 1554 1099 1604 futuro
1149 1552 1210 1604 Kal.
1233 1554 1418 1606 ianuariarum
1438 1553 1528 1603 'l'usco
1553 1560 1582 1601 ct
1605 1551 1725 1602 Anulino
1750 1548 1823 1601 Coss.
1849 1548 2016 1602 videntum

233 1654 345 1709 quoquc
364 1657 446 1694 nemo
464 1640 565 1690 audeat
581 1639 727 1691 infrenatis
739 1639 761 1674 ⁹⁶
779 1639 979 1707 cupiditatibus
1001 1640 1100 1692 obedi-

232 1726 302 1787 ιε’),
320 1742 380 1778 cum
401 1733 430 1778 et
445 1727 533 1778 sciant
551 1727 588 1777 ita
607 1723 803 1793 praecedentes
823 1725 987 1778 admissores
1004 1727 1099 1779 istius·

233 1811 307 1864 modi
326 1811 469 1863 criminum
489 1812 568 1862 venia
587 1809 728 1872 liberatos,
748 1819 779 1862 nt
797 1810 957 1875 liberorum,
978 1829 1045 1882 quos
1055 1812 1099 1863 in·

232 1898 309 1949 licite
320 1901 464 1964 genuerint
475 1896 513 1958 ⁹⁰,
534 1897 706 1948 successione
715 1897 739 1933 ⁹⁹
755 1906 879 1950 careatur
889 1902 907 1961 ¹,
925 1914 997 1966 quae
1022 1900 1098 1952 iuxta

231 1990 395 2036 vetustatem
421 1984 548 2036 Romania
566 1983 672 2052 legibus
698 1983 857 2050 negabatur.
900 1985 955 2035 ΕΗ
973 1992 1098 2051 optasse-

231 2071 313 2121 mus³
348 2069 460 2141 quidem
488 2084 539 2122 nec
563 2071 648 2120 antei
675 2069 823 2139 quicquam
853 2069 1005 2121 eiusmodt⁸
1038 2088 1098 2124 esse

230 2154 423 2216 commissum,
445 2154 519 2224 qnod
538 2154 631 2206 csset⁶
657 2161 705 2206 aut
727 2155 872 2206 clementia
892 2156 1097 2219 remittendum,

231 2250 280 2294 aut
293 2239 400 2308 legibus
419 2239 608 2306 corrigendum
619 2245 637 2292 ².
744 2238 765 2309 §.
781 2241 806 2306 4.
842 2240 897 2292 Sed
915 2249 944 2292 ct
960 2243 1097 2308 posthac⁸

230 2327 391 2394 religionem
408 2326 637 2396 sanctitatemque
656 2324 686 2375 in
704 2326 854 2377 consibiis⁹
873 2327 1033 2395 copulandis
1048 2345 1097 2379 ro·

230 2415 320 2464 lumus
339 2412 374 2464 ab
395 2428 565 2481 unoquoque
586 2413 706 2473 serrari,
739 2418 771 2462 ut
799 2428 828 2462 se
855 2410 890 2462 ad
918 2411 1095 2480 disciplinam

229 2500 359 2568 legesque
372 2498 503 2551 Romanas
514 2500 690 2549 meminerint
703 2497 862 2565 pertinere:
879 2503 908 2548 ct
925 2513 970 2550 eas
988 2507 1095 2551 tantum

231 2586 319 2638 sciant
337 2585 448 2653 nuptias
467 2583 575 2645 licitas,
594 2598 665 2653 quae
683 2591 748 2634 sunt
766 2583 887 2636 Romano
904 2583 964 2634 iure
978 2588 1095 2654 permis·

229 2686 284 2724 sac.
348 2669 369 2740 §.
388 2670 413 2723 5.
450 2668 518 2720 Cum
537 2668 637 2740 quibus
659 2677 752 2720 autem
772 2670 897 2737 personis
918 2677 974 2722 tam
995 2685 1095 2740 cogna-

230 2766 318 2809 torum
345 2771 425 2824 quam
455 2771 489 2808 ex
509 2755 641 2808 adfinium
655 2759 677 2789 ¹⁰
704 2769 815 2807 numero
841 2756 963 2808 contrahi
981 2772 1038 2809 non
1060 2757 1096 2807 li·

230 2851 291 2894 ceat
308 2842 529 2903 matrimonium,
551 2840 604 2892 hoc
629 2841 721 2893 edicto
739 2848 832 2893 nostro
848 2843 968 2911 amplexi
986 2858 1096 2894 sumus:

230 2944 291 2977 cum
303 2932 323 2960 ¹¹
343 2926 418 2988 filia,
436 2936 531 2996 nepte,
548 2935 693 2997 pronepte,
709 2929 832 2997 itemque
844 2930 866 2961 ¹²
883 2936 969 2980 matre
979 2931 1009 2991 ¹³,
1026 2931 1096 2991 avia,

228 3015 356 3083 proavia3
376 3022 404 3066 ct
421 3028 454 3065 cs
470 3013 557 3066 latere
578 3013 662 3064 amita
674 3029 704 3065 ac
715 3015 736 3047 ¹⁴
752 3019 920 3077 matertera,
937 3016 1056 3084 (sorore)
1067 3017 1097 3077 ⁸⁵,

230 3347 435 3412 8¹)respectnm
444 3341 521 3394 Vere.
544 3344 767 3413 8a)irnperitiam
784 3344 854 3396 Scal.
869 3345 998 3414 peritiam
1016 3345 1098 3397 Vind.

231 3414 309 3463 i'erc.
416 3415 461 3480 st)
483 3416 655 3465 matrimonii
670 3414 695 3463 si
713 3415 781 3464 Scal.
801 3417 987 3468 matrimoniis
1008 3417 1048 3468 sic
1066 3418 1099 3481 cj.

233 3484 343 3533 Raever.
363 3496 421 3549 cap.
446 3482 482 3532 13.
570 3484 615 3550 84)
634 3484 778 3536 verissime
796 3483 873 3535 Verc.
964 3486 1010 3555 85)
1032 3501 1098 3536 con·

232 3550 436 3619 templationem
462 3551 544 3602 vind.
564 3551 641 3602 Verc.
747 3554 792 3623 66)
822 3551 997 3608 antebactum
1016 3553 1099 3605 vind.

231 3621 277 3690 87)
294 3637 321 3673 se
340 3636 392 3670 om.
412 3619 492 3669 Vind.
524 3638 554 3673 re
571 3622 648 3673 vere.
719 3623 766 3690 88)
786 3636 902 3675 actenus
921 3624 1003 3672 Vind.
1024 3622 1098 3675 Verc.

232 3691 277 3758 89)
297 3686 435 3759 ademptos
458 3689 541 3740 vind.
565 3691 640 3740 Vere.
727 3697 775 3811 904
802 3705 898 3744 nostra
921 3691 1100 3762 indulgenus

234 3758 276 3811 ed.
295 3760 363 3809 Pith.
384 3771 495 3811 nostras
513 3757 690 3831 indulgentia
711 3758 781 3810 Sca.
904 3764 950 3831 9¹)
978 3765 1020 3814 uti
1039 3779 1099 3815 eam

232 3828 315 3879 vind.
334 3829 398 3880 vita
415 3828 493 3880 Vere.
563 3840 609 3897 92)
627 3830 683 3881 sibi
700 3828 809 3898 quidem
827 3830 907 3886 Vere.
949 3834 1100 3900 qitsciant

233 3913 326 3952 tamen
343 3915 400 3949 non
417 3898 554 3966 legitimos
572 3915 630 3951 esse
647 3915 803 3951 concessam
816 3901 907 3951 sciant
919 3901 1100 3955 tamenVinsl.

235 3969 286 4037 94)
304 3967 426 4035 legitimo
444 3969 520 4018 Vere
591 3968 637 4035 95)
657 3979 814 4036 genuerunt
835 3967 904 4021 etth.
923 3970 998 4021 Vero
1053 3971 1099 4052 96)

235 4036 402 4107 inessenatis
420 4036 487 4087 Pitb.
502 4036 582 4087 Vinci.
600 4038 632 4088 in
650 4033 791 4106 effrenem
808 4037 885 4088 Vere.
905 4037 1056 4109 infrenatis
1069 4056 1100 4105 cg.

237 4108 330 4164 Cuiac.
414 4107 460 4176 97)
479 4104 600 4159 obedisse
617 4105 699 4155 vind.
717 4104 792 4156 Vere.
880 4111 927 4174 98)
946 4120 1101 4176 genuerunt

238 4176 307 4226 Pith.
393 4179 443 4243 99)
459 4178 645 4228 successiones
663 4173 732 4226 Pith.
751 4176 948 4228 successionem
967 4191 1002 4228 ne
1020 4177 1100 4228 Vind.

239 4246 439 4298 successionum
453 4245 567 4297 Dorvill.
588 4247 617 4295 in
635 4260 716 4311 marg.
844 4246 869 4314 ι)
888 4259 1002 4297 caretur
1019 4244 1102 4298 vind.

1149 1654 1208 1690 esse
1226 1640 1376 1691 commissa.
1483 1637 1503 1710 §
1526 1640 1552 1690 8.
1562 1638 1585 1671 ³³
1619 1636 1648 1686 Si
1666 1653 1719 1706 qua
1737 1645 1829 1688 sutem
1847 1646 1944 1688 contra
1964 1636 2015 1687 llo·

1148 1726 1222 1776 mani
1249 1726 1368 1777 nominis
1394 1723 1477 1775 decus
1504 1723 1736 1792 sanctitatemque
1754 1723 1844 1789 legum
1876 1729 1939 1791 post
1969 1738 2014 1772 su·

1148 1811 1303 1881 pradictum
1321 1806 1393 1863 diem
1413 1808 1657 1878 deprehenduntur
1671 1810 1695 1844 ³⁴
1712 1808 1849 1869 admissa,
1870 1808 1954 1876 digus
1972 1823 2016 1858 se·

1147 1898 1261 1950 veritate
1286 1897 1449 1965 plectentur.
1494 1897 1579 1948 uec³⁵
1604 1896 1678 1948 enim
1696 1895 1779 1945 ullam
1793 1895 1816 1929 ⁸⁶
1840 1896 1870 1947 in
1888 1902 1944 1946 tam
1964 1909 2015 1944 ne·

1145 1984 1217 2036 fario
1237 1983 1339 2035 scelere
1360 1983 1505 2052 quisquam
1534 1983 1662 2033 aestimet
1686 1980 1793 2034 reniam
1825 1995 1854 2031 se
1881 1979 2014 2048 consequi

1146 2083 1244 2136 posse,
1263 2070 1312 2137 qui
1331 2068 1360 2117 in
1370 2069 1393 2103 ³²
1418 2074 1472 2120 tam
1497 2066 1640 2118 evidens⁸⁰
1665 2065 1799 2118 crimen⁸⁹
1824 2070 1934 2135 etpost
1955 2064 2015 2116 edi·

1146 2163 1219 2206 ctum
1239 2162 1363 2207 nostrum
1378 2168 1435 2206 nuo
1454 2151 1596 2205 dubitabit
1605 2155 1628 2189 ⁴⁰
1649 2155 1766 2205 inruere.
1802 2151 1864 2204 Dat.
1882 2150 1944 2202 Kal.
1957 2149 2013 2202 tta-

1145 2240 1226 2301 ias⁴¹,
1247 2241 1363 2290 Damaso
1382 2240 1472 2293 Tusco
1483 2242 1506 2276 ⁸²
1524 2246 1553 2291 et
1570 2238 1723 2291 ΑιιιιΙίιιο*3
1740 2234 1866 2295 Coss.”“.

1215 2327 1268 2393 Kp.
1291 2326 1321 2380 V.
1343 2327 1573 2378 llsauoearrrrus
1592 2342 1641 2376 sua
1662 2325 1790 2376 rrrrraoi⁸
1808 2340 1843 2375 na
1863 2324 2010 2375 sparsisti:

1144 2412 1230 2483 lmpp.
1252 2412 1441 2464 Diocletianus
1464 2411 1690 2481 etillaaimianus
1709 2409 1824 2480 Augusti
1842 2408 2009 2460 l¹'lariano⁴²¹

1145 2497 1230 2549 11ἰοω
1247 2499 1294 2568 qui
1314 2499 1432 2551 incestas
1449 2499 1559 2566 nuptias
1577 2513 1626 2566 per
1645 2511 1764 2547 errorem
1779 2494 1960 2555 contrahunt,
1976 2512 2010 2545 ne

1144 2585 1242 2652 paenis
1268 2583 1441 2637 subiciantur
1472 2584 1511 2635 ita
1548 2579 1658 2633 demum
1684 2581 1830 2632 clementia
1852 2582 2009 2648 principum

1144 2670 1293 2731 subvenit,
1323 2669 1347 2720 si
1371 2677 1467 2738 postea
1484 2669 1596 2738 quamli
1620 2684 1740 2721 errarem
1759 2683 1838 2718 suum
1858 2667 2010 2724 rescierint,

1145 2756 1221 2808 illico
1243 2756 1362 2808 nefarias
1379 2756 1491 2824 nuptias
1515 2754 1684 2807 diremerint.
1730 2754 1809 2822 Prop.
1835 2752 1876 2805 ld.
1903 2752 2009 2804 biart-⁸⁰

1146 2843 1325 2914 (tiberiano)
1337 2845 1359 2875 ‘⁸
1376 2850 1405 2894 et
1423 2841 1513 2892 Dione
1526 2844 1546 2876 ⁵²
1569 2839 1642 2892 Coss.
1654 2841 1685 2898 ⁵³.

1217 2931 1239 2963 ⁵⁴
1258 2944 1325 2979 aare
1354 2944 1462 2989 coccus
1482 2943 1706 2981 corsrrrurrorrn
1728 2942 1912 2989 carcoasssus
1932 2941 2009 2976 rrru·

1147 3031 1179 3067 uo
1200 3032 1233 3068 ns
1252 3029 1356 3071 sumtis
1374 3029 1507 3079 lassauit,
1527 3029 1596 3076 onir
1614 3029 1661 3067 aar
1682 3029 1820 3068 ratcssrrss
1838 3030 1871 3064 ar
1883 3028 2008 3065 ancusae.

1146 3348 1294 3398 lectionem
1311 3343 1447 3396 Puteanus
1467 3358 1499 3394 er
1517 3345 1549 3410 ej.
1568 3343 1699 3395 restituit.
1731 3342 1788 3393 nisi
1813 3343 1961 3413 antiquum
1977 3359 2010 3395 ac

1146 3420 1179 3481 cj.
1199 3415 1333 3464 Roevcrus
1355 3415 1371 3465 Ι.
1388 3430 1410 3464 c.
1429 3429 1486 3480 cap.
1507 3415 1531 3478 4.
1655 3413 1700 3480 aa)
1726 3410 1897 3464 venerabiles
1916 3427 2010 3462 omnes

1146 3485 1224 3537 codd.
1240 3483 1443 3537 venerabiliter
1462 3484 1529 3532 Scal.
1552 3481 1585 3550 (ἵ)
1691 3481 1738 3539 03)
1771 3498 1918 3532 romanam
1935 3493 2010 3548 gesta

1147 3555 1217 3606 Pitls.
1288 3553 1333 3621 04)
1351 3569 1411 3605 non
1429 3553 1528 3604 mirum
1547 3548 1615 3602 Pitls.
1638 3568 1695 3602 non
1712 3567 1816 3602 marum
1831 3550 1901 3600 Scal.
1922 3552 2011 3601 nomi-

1147 3642 1211 3677 num
1231 3622 1313 3672 vind
1333 3623 1411 3673 Vere.
1448 3619 1560 3693 deorum
1590 3621 1735 3680 ariminum,
1766 3620 1824 3667 sivc
1850 3631 2010 3671 sanctorum

1147 3694 1287 3746 nursinum
1305 3692 1340 3756 cj.
1358 3691 1492 3743 Roeterus
1513 3692 1530 3740 l.
1550 3706 1572 3742 c.
1590 3703 1750 3742 sanctornm
1768 3686 1882 3740 deorum
1891 3703 1943 3740 nec
1958 3690 2010 3739 nri·

1147 3782 1206 3816 rum
1235 3763 1269 3826 cj,
1286 3762 1324 3815 lo.
1345 3760 1460 3825 Canneg.
1482 3760 1516 3810 ad
1535 3758 1561 3810 h.
1578 3759 1593 3807 l.
1613 3759 1755 3810 numinum
1783 3757 1919 3809 Puteanus
1938 3767 2010 3808 recte

1147 3836 1312 3888 coniecerat.
1383 3831 1428 3900 25)
1450 3829 1602 3898 religiones
1624 3827 1700 3880 Vere.
1730 3827 1879 3894 religionis
1896 3828 2010 3896 sapien-

1147 3903 1189 3954 tia
1206 3903 1238 3965 ej.
1260 3901 1351 3951 Cuiac.
1423 3901 1471 3965 26)
1491 3900 1531 3948 lta
1550 3895 1637 3958 Pith.;
1657 3897 1741 3947 ceteri
1760 3893 1915 3950 devincant.
1963 3901 2011 3961 η)

1146 3969 1290 4041 praedicto
1307 3967 1389 4021 vind.
1426 3969 1476 4028 aa)
1492 3983 1563 4040 quae
1578 3965 1802 4021 om.Pith.Vind.
1830 3963 2009 4035 agidiscipls'·

1148 4057 1212 4092 nam
1231 4051 1345 4093 veterem
1364 4037 1398 4102 cj.
1417 4037 1486 4091 Pitb.
1508 4044 1536 4088 ct
1554 4035 1645 4087 Cuiac.
1664 4034 1738 4106 qnod
1764 4037 1868 4102 recepit
1892 4034 1936 4086 ed.
1956 4034 2009 4084 Ge·

1148 4125 1207 4161 neu.
1294 4107 1344 4173 30)
1360 4123 1433 4178 quae
1451 4143 1458 4157 .
1478 4143 1485 4156 .
1503 4143 1511 4156 .
1528 4107 1671 4158 commissa
1688 4120 1739 4156 om.
1761 4105 1837 4155 llere.
1918 4104 1964 4169 3ι)
1980 4103 2010 4155 iss

1147 4175 1294 4231 dietario
1313 4175 1383 4228 Pith.
1462 4176 1507 4245 32)
1528 4174 1657 4228 dicemur
1675 4174 1717 4224 cd.
1737 4173 1819 4224 Paris.
1839 4189 1862 4224 a.
1888 4174 1963 4226 1586.
1981 4174 2009 4223 in

1149 4263 1230 4314 marg.
1335 4245 1380 4312 33)
1399 4262 1456 4297 rar.
1476 4260 1568 4296 xurrrr.
1587 4243 1668 4294 vind.
1688 4260 1728 4294 rr.
1747 4260 1792 4293 ιιι.
1810 4243 1890 4303 Vere,
1963 4241 2011 4308 34)

240 4316 318 4367 Vere.
337 4325 469 4367 carcatur
485 4326 515 4367 ut
533 4316 566 4382 ej.
584 4313 654 4365 Pith.
674 4325 790 4367 careant
808 4312 841 4379 cj.
859 4315 951 4366 Cuiac.
981 4333 1101 4369 arcean·
1148 4312 1508 4385 deprehendenturSchult.
1527 4315 1559 4382 cj.
1578 4315 1607 4365 in
1627 4328 1707 4379 marg.
1729 4312 1771 4363 ed.
1790 4311 1875 4363 been.
1963 4311 2011 4379 25)

240 4396 286 4436 tur
304 4385 337 4448 ej.
356 4385 500 4435 Puteanus.
577 4385 605 4449 a)
626 4397 652 4436 et
671 4400 722 4434 om.
743 4383 821 4440 Verc.
897 4385 926 4454 3)
946 4399 1103 4454 optaremus
1141 4385 1303 4458 flectentur.
1340 4385 1434 4505 Neque
1452 4384 1533 4438 vind.

902 4453 1104 4522 ncommods·
1150 4456 1196 4524 37)
1215 4456 1247 4507 s'n
1268 4471 1320 4505 orn.
1338 4456 1379 4507 Pit

241 4453 322 4503 Vind.
346 4452 424 4504 Vera.
542 4454 572 4518 4)
588 4465 707 4522 negante
726 4453 798 4508 Scal.

241 4521 325 4572 vtnd.
395 4521 424 4585 6)
444 4521 595 4575 essellind.
615 4521 693 4573 Vere.
743 4526 770 4589 7)
790 4520 1004 4577 succurrendum
1021 4525 1103 4578 vind.

1638 4383 1683 4452 36)
1707 4383 1811 4434 trullam
1829 4380 1913 4433 viad.
1931 4380 2008 4433 Vere

1403 4491 1409 4503 .
1508 4455 1554 4522 38)
1572 4450 1693 4506 euidenti
1712 4450 1782 4508 l’ltlr.
1805 4449 1879 4502 llere.
1897 4449 2009 4506 eviden-

1150 4537 1197 4578 tur
1213 4523 1294 4575 Vind.
1312 4521 1422 4578 evidens
1442 4527 1475 4591 ej.
1493 4523 1584 4577 Cuiac.
1657 4523 1705 4589 39)
1722 4521 1836 4573 crimini
1854 4518 1925 4575 titt.
1956 4519 2010 4570 Sed

323 4601 350 4643 st
365 4590 439 4640 tarn
457 4605 550 4642 omnes
569 4590 647 4642 codd.
666 4590 781 4661 partitae
794 4592 827 4658 cj.
846 4591 937 4645 Cuiac.
998 4597 1027 4664 9)
1038 4610 1105 4648 eon-
1150 4594 1220 4645 Scal.
1240 4592 1326 4645 habet
1340 4595 1465 4655 crimen,
1481 4592 1577 4647 addito
1592 4594 1621 4646 ln
1640 4592 1759 4656 margine
1784 4590 1909 4642 crimina.
1964 4589 2011 4657 40)

240 4592 335 4714 curiatiis
353 4657 422 4710 Pitlr.
452 4677 508 4726 quc
525 4658 605 4712 nabis
632 4660 711 4712 Vinci.
732 4660 809 4712 Vere.
847 4659 921 4714 Haec
949 4672 1058 4717 exstant
1074 4664 1104 4716 1..

244 4747 284 4797 ι).
303 4726 654 4851 ⁰⁰d'·d⁸m¹pffi⁸s,⁵,'⁴)'
728 4801 734 4812 .
804 4801 810 4812 ι
1175 4804 1182 4817 .

240 4817 345 4854 nemina
363 4801 450 4853 isceat
468 4810 567 4851 contra
603 4813 633 4849 re
650 4811 855 4853 matrimonrum
872 4817 952 4861 cum,
977 4801 1105 4856 omnibus
1150 4821 1213 4875 gras
1233 4800 1311 4855 Vere.

241 4885 312 4942 quae
330 4867 498 4919 antecedunt
516 4869 639 4929 omissis,
658 4866 724 4919 cod.
743 4872 806 4921 lust.
899 4875 943 4941 ra)
958 4886 1105 4942 protrepte-

241 4957 294 5012 que
312 4936 381 4990 Pith.
397 4939 558 5008 proneptitc.
593 4938 713 5009 Itemque
733 4937 816 4989 vind.

240 5024 282 5064 tre
300 5007 367 5061 Coti.
385 5008 450 5059 lust.
544 5007 586 5078 gg)
612 5007 764 5060 pmcvlnd⁸
902 4941 944 5013 13)
963 4959 1023 4993 cram
1045 4958 1104 4994 mg.

851 5009 893 5076 15)
915 5029 1010 5064 sorore
1030 5013 1104 5062 sotus

239 5082 303 5132 lust.
321 5077 387 5130 cod.
406 5076 492 5128 addit.
601 5079 646 5141 rt)
674 5091 820 5147 praetem
830 5080 938 5149 fratris
957 5082 1023 5148 (tus)
1038 5081 1105 5153 fitia
1152 5080 1222 5134 Pitlr.
1309 5083 1356 5150 48)
1375 5080 1418 5133 bis
1435 5098 1488 5132 om.
1506 5080 1590 5133 vind.

240 5162 377 5300 egfieabea
393 5159 477 5268 pepqs
497 5145 686 5283 Tfiribpnlsqus
704 5147 807 5201 adiecit
824 5148 852 5201 in
873 5147 938 5199 Cod.
958 5151 1022 5202 lust.
1063 5153 1104 5221 ¹7)

239 5237 255 5269 s
291 5234 372 5270 naus
419 5232 618 5269 rn.amus
660 5231 712 5268 erc.

1150 4660 1291 4717 dubitavit
1309 4663 1391 4715 vind.
1410 4663 1486 4714 Vere.
1564 4663 1609 4731 4ι)
1635 4661 1710 4714 Matr·
1728 4659 1796 4712 Pitb.
1814 4665 1842 4712 et
1860 4659 1926 4710 lust.
1945 4658 2010 4711 cod

730 4730 771 4799 ιο)
790 4727 917 4801 affinium
935 4731 1013 4790 Vera.
1062 4735 1106 4804 tr)
1150 4731 1280 4794 Medias,
1302 4732 1431 4804 reliquis,
1447 4749 1518 4801 quae
1537 4738 1699 4805 sequnntur,
1716 4729 1833 4792 omissis,
1848 4728 1931 4783 vind.
1952 4746 2010 4780 ma·

1418 4802 1463 4872 40)
1488 4804 1626 4856 Damasco
1647 4799 1677 4853 et'
1691 4799 1779 4853 Tusco
1797 4799 1875 4851 Vere.
1895 4798 2008 4869 reliquis

1152 4874 1268 4957 omissis.
1318 4873 1363 4945 43)
1390 4871 1500 4926 Andinc
1520 4872 1606 4924 snt:
1626 4869 1674 4923 scd
1693 4871 1815 4923 Anniino
1826 4868 1957 4935 scriptum
1970 4873 2011 4918 est

1151 4958 1280 5062 lineata·
1308 5014 1355 5080 46)
1370 4940 1660 5064 Ψῐιῖοξῗιῐιιιῗῧδίιιά.
1702 4937 2015 5077 45)4))οῆοῗ40;1ἰί0)ιῦ0

1672 5079 1717 5162 49)
1738 5095 1797 5130 erun
1814 5077 1897 5130 t'rnd.
1969 5076 2016 5139 50)

1152 5152 1225 5204 Mar.
1251 5149 1310 5204 cod.
1340 5149 1409 5205 Pith.
1449 5152 1564 5202 Omnem
1597 5147 1826 5217 subscriptionem
1850 5161 1904 5198 osu.
1932 5143 2015 5196 vind.

838 5219 880 5287 ιθ)
906 5236 1003 5272 socrus
1018 5235 1107 5272 saurus
1152 5220 1230 5272 Vere.
1304 5214 2017 5289 51)Tiberiancexcj.addiditl‘itb.Tiberiano

236 5286 319 5337 Vrnd.
335 5287 415 5338 Vere.
441 5302 515 5341 nuru
533 5300 618 5337 socru
638 5283 705 5337 Ccd.
726 5284 791 5338 lust.
879 5290 919 5357 ¹9)
944 5304 1044 5342 nurum
1061 5307 1106 5343 α.

236 5368 312 5409 teras
330 5357 449 5430 antiqno
464 5358 547 5409 turae
573 5353 654 5405 llind.
677 5366 726 5408 cst.
755 5375 781 5427 q.
806 5356 869 5410 iurs
892 5361 1009 5430 ararique
1041 5357 1106 5410 Cod.

1152 5291 1186 5341 ll.
1203 5293 1226 5356 ej
1246 5289 1399 5360 Schultiug.
1417 5286 1453 5341 aii
1472 5291 1596 5360 Hermog.
1616 5287 1675 5348 aad
1747 5289 1779 5340 52
1812 5284 1939 5345 Diogene
1956 5282 2016 5336 cod.

1153 5360 1239 5415 Pttlr..
1262 5361 1337 5431 quod
1355 5362 1414 5431 ipss
1432 5358 1503 5413 Pltlr.
1516 5356 1680 5412 emendavlt.
1761 5357 1776 5410 5
1798 5357 1852 5423 lp.
1872 5352 1936 5407 Chr.
1956 5368 2016 5421 agr.

234 5425 302 5475 inst.
378 5424 801 5494 so)natsrtaers1an.00d.
891 5430 936 5497 ar)
955 5429 1014 5484 nisi
1032 5426 1107 5481 lsanc
1154 5429 1199 5499 54)
1218 5429 1296 5500 Quae
1315 5432 1441 5504 sequitur
1459 5432 1578 5485 auctoris
1597 5427 1738 5482 annotatio
1760 5421 1874 5481 alind.
1894 5428 1924 5475 et
1939 5420 2017 5478 Vere.

234 5505 341 5550 tantam·
361 5512 397 5551 ae
415 5494 485 5552 l’itb
503 5496 563 5551 nisi
579 5506 711 5550 nanctum
728 5493 782 5551 tre
800 5492 882 5550 trud
900 5494 979 5552 tera
1003 5498 1104 5553 tenu

1153 5498 1240 5552 abest
