4560 6562
382 459 386 467 ,
405 396 477 468 234
1151 395 1440 472 PRAEFATIO.

394 587 619 654 Ισχαιόκοὶὶον.
651 588 670 647 ί,
696 603 719 639 e.
738 589 854 656 primum
879 588 1013 655 integrum
1040 583 1138 638 folium
1178 593 1207 638 et
1227 587 1314 640 octavi
1333 589 1444 641 tertiam
1463 593 1587 658 partem,
1616 603 1687 660 quse
1706 605 1820 643 numero
1839 589 1963 642 fasciculi
1982 589 2114 658 insignita
2134 600 2184 652 est,

399 680 473 735 nibil
492 689 633 753 superest3
661 697 708 734 sex
727 683 890 733 intermedia
914 681 980 733 solia
999 681 1150 748 perierunt.
1200 680 1335 732 Dubitare
1355 687 1446 734 tamen
1465 683 1532 735 lieet
1553 700 1625 736 anne
1645 683 1688 735 his
1710 682 1932 735 annumerandae
1953 683 2009 734 sint
2027 699 2077 735 eae
2095 700 2185 734 mem-

397 775 516 838 branae,
537 791 605 846 quas
627 775 735 839 Maius,
762 778 855 827 nescio
879 793 932 844 qua
949 777 1074 834 ratione,
1093 772 1214 825 secundo
1230 774 1290 823 loco
1308 776 1410 842 posuit.
1444 791 1506 825 nrm
1527 776 1555 828 id
1577 782 1683 827 tantum
1701 776 1791 845 liquet
1807 792 1852 827 cas
1874 777 1908 828 ad
1928 775 2054 828 cumdem
2072 778 2183 829 titulum

395 872 547 942 (exempto
566 882 593 923 st
613 867 734 938 vendito)
755 877 798 932 ct,
816 888 876 922 cum
895 871 1085 940 quaternionis
1103 877 1196 921 notam
1215 885 1272 919 non
1290 868 1457 931 exhibeant,
1474 869 1509 920 ad
1528 869 1645 922 mediam
1667 878 1771 939 partem
1790 870 1913 921 fasciculi
1930 869 2073 921 cuiusdam
2091 873 2180 937 perti·

395 977 470 1014 nere.
507 960 707 1030 Quateruionis
725 961 781 1012 XV.
803 962 857 1030 (tit.
879 961 912 1015 dc
931 963 1094 1035 usufructu)
1118 969 1226 1013 exstant
1243 960 1310 1012 solia
1331 963 1447 1029 primum
1467 970 1495 1016 et
1520 971 1666 1025 octavum,
1698 969 1726 1013 et
1746 979 1778 1014 ea
1795 963 1907 1033 quidem
1927 964 2048 1030 iutegra3
2073 962 2124 1017 sed
2142 979 2182 1015 ro·

396 1055 480 1107 cundi
498 1063 527 1108 et
544 1056 655 1125 septimi
674 1056 755 1108 tertia
773 1064 878 1108 tantum
900 1071 977 1125 parr3
1005 1063 1135 1126 quattuor
1161 1054 1325 1107 intermedia
1344 1053 1541 1109 desiderantur.
1579 1056 1659 1127 Quae
1676 1063 1828 1127 sequuntur
1848 1057 1876 1106 in
1895 1055 1960 1106 Maii
1986 1057 2130 1124 exemplo,
2149 1074 2181 1108 er

399 1147 581 1217 quaternione
600 1146 671 1197 XVI.
691 1147 835 1216 desumpta
854 1163 912 1198 esse
932 1149 1018 1215 ipsius
1037 1147 1167 1197 materiae
1185 1165 1269 1200 nexus
1288 1149 1396 1217 probat.
1441 1151 1558 1203 Primum
1576 1159 1683 1205 tantum
1701 1151 1798 1203 lolium
1818 1150 1899 1202 buius
1921 1151 2045 1202 fasciculi
2067 1152 2181 1219 periisse

397 1239 517 1305 rideturr
536 1240 685 1293 secundum
705 1249 734 1293 ct
752 1243 910 1308 septimum,
931 1257 1001 1311 quae
1025 1243 1098 1292 inter
1111 1258 1139 1292 se
1150 1241 1307 1305 cohaerent,
1325 1243 1429 1308 integra
1439 1240 1582 1301 habemus.
1619 1242 1724 1304 Octavi,
1743 1243 1816 1312 quod
1831 1244 1919 1295 ltlaius
1937 1242 2069 1294 nonsatis
2081 1241 2182 1291 idonea

396 1337 504 1387 ratione
521 1334 701 1403 quaternioni
722 1334 805 1389 xvn.
826 1337 990 1403 assignarit,
1008 1334 1138 1404 quodque
1156 1351 1216 1387 curn
1235 1335 1418 1404 praecedente
1436 1335 1471 1386 ad
1490 1336 1535 1394 tit.
1550 1333 1584 1390 ds
1603 1353 1633 1389 re
1654 1337 1757 1388 uxoria
1778 1349 1804 1388 ct
1823 1333 1931 1387 dotibus
1950 1336 2089 1404 pertinet,
2108 1335 2178 1387 duae

392 1435 484 1498 partes
504 1433 669 1496 supersunt;
689 1430 785 1490 tertia,
803 1429 831 1479 in
851 1443 904 1493 qua
924 1428 1029 1496 siguum
1045 1428 1235 1497 quaternionis
1258 1427 1343 1480 fuisse
1362 1428 1502 1496 auspicor,
1526 1428 1644 1480 abscissa
1671 1437 1720 1486 est.
1766 1429 1844 1479 Plura
1859 1437 1963 1482 serrata
1982 1433 2047 1479 sunt
2063 1443 2098 1478 ex
2118 1445 2180 1498 qua·

394 1522 521 1576 ternione
543 1519 647 1574 XXVII.
681 1520 746 1590 (tit.
770 1521 803 1574 de
821 1523 1031 1591 excusatione).
1075 1522 1247 1574 desideratur
1265 1531 1371 1576 tantum
1389 1522 1488 1575 solium
1507 1523 1629 1576 tertium.
1673 1522 1763 1592 quarti
1782 1523 1843 1574 solii
1862 1535 1923 1573 non
1943 1521 1998 1573 nisi
2018 1523 2101 1574 tertia
2121 1539 2180 1592 pars

393 1621 535 1683 superest,
550 1615 621 1666 sexti
642 1630 704 1683 pars
722 1615 805 1666 tertia
825 1616 940 1666 interiit.
979 1616 1133 1682 Quaternio
1155 1615 1288 1667 xxviiii.
1310 1617 1365 1686 (tit.
1385 1614 1499 1687 quondo
1517 1614 1708 1697 concrepet.
1727 1622 1755 1665 ct
1774 1613 1808 1666 dc
1829 1613 2027 1667 donationibus
2046 1618 2108 1684 rel.)
2126 1617 2181 1670 iere

393 1712 501 1777 integer
528 1715 650 1760 serratus
669 1716 729 1759 est:
763 1707 894 1760 foliorum
924 1716 1017 1761 tamen
1039 1708 1152 1760 secundi
1175 1717 1203 1760 et
1221 1710 1291 1761 sexti
1310 1711 1658 1780 duaepartespsrlerunt.
1698 1709 1890 1776 fragmentum
1910 1708 2031 1777 denique
2049 1710 2128 1762 tituli
2149 1710 2180 1762 ds

396 1800 587 1872 cognitoribus
601 1812 628 1854 et
639 1801 870 1871 procuratoribus
884 1803 919 1851 ad
934 1802 1036 1873 calcem
1053 1801 1198 1854 collocavit
1209 1803 1308 1866 Maius,
1326 1806 1392 1875 quia
1412 1805 1488 1856 nullo
1502 1806 1609 1858 numeri
1622 1805 1699 1872 signo
1718 1812 1792 1856 certo
1810 1803 1870 1854 loco
1882 1805 2053 1872 assignatur;
2072 1818 2129 1874 qua
2149 1805 2180 1852 de

394 1912 473 1947 eausa
493 1894 584 1948 medio
603 1894 731 1947 fasciculo
751 1894 800 1947 bas
820 1894 990 1946 membranas
1008 1895 1148 1949 uindicare
1167 1912 1223 1949 non
1241 1896 1359 1961 dubito,
1394 1899 1433 1951 iia
1451 1904 1557 1962 tamen,
1589 1906 1620 1950 nt
1641 1896 1696 1949 duo
1714 1903 1763 1949 aut
1788 1904 1919 1966 quattuor
1946 1897 2012 1949 lolia
2034 1897 2108 1947 inter
2138 1913 2181 1948 eor

391 1990 525 2044 excidisse
543 1996 647 2060 putem.

498 2085 648 2155 Antiquior
666 2085 809 2151 scriptura,
829 2081 1052 2152 quamrIsabluta
1068 2083 1266 2154 versiculisque
1277 2086 1437 2137 recentioris
1455 2084 1835 2155 scripturaesuperimpositis
1855 2089 1995 2151 cooperta.
2016 2087 2107 2136 omnis
2126 2085 2179 2136 iere

392 2179 447 2248 legi
467 2179 566 2248 potuit
613 2177 744 2243 Singulae
761 2175 876 2244 paginae
893 2191 987 2228 versus
1009 2174 1120 2242 triginta
1140 2175 1208 2228 duos
1227 2193 1329 2247 eosque
1348 2178 1511 2247 praelongos
1529 2178 1758 2246 complectuntur,
1804 2174 1880 2243 Quos
1909 2193 2000 2228 verius
2029 2185 2096 2246 post
2123 2178 2179 2228 edi·

392 2281 481 2322 torem
502 2271 652 2321 Romanum
671 2269 828 2336 speciminis
846 2283 927 2320 causa
948 2267 1060 2336 depingi
1080 2270 1230 2322 curavimus
1240 2306 1249 2332 ,
1264 2270 1287 2319 ii
1305 2269 1410 2322 litteras
1422 2269 1527 2324 babent
1545 2287 1559 2321 a
1579 2270 1758 2340 quadraginta
1776 2269 1864 2321 tribus
1886 2286 1971 2339 usquc
1990 2270 2025 2322 ad
2044 2273 2180 2341 quinqua·

392 2367 469 2434 ginta
488 2380 578 2422 unam.
613 2362 778 2415 Litterarum
797 2362 899 2423 forma,
920 2361 984 2415 Gaii
1009 2360 1173 2414 Veronensis
1192 2365 1342 2434 scripturae
1356 2364 1471 2426 similis,
1490 2372 1519 2416 et
1539 2367 1665 2433 siglarum
1685 2366 1858 2434 frequentia,
1883 2378 1997 2432 quarunt
2019 2365 2181 2434 praecipuae

391 2447 422 2510 in
440 2456 592 2525 specimine
614 2457 664 2508 illo
691 2455 932 2517 exhibiturum,
962 2457 1090 2524 quintum
1109 2456 1153 2507 rei
1170 2463 1277 2509 sextum
1297 2458 1436 2509 saeculum
1458 2458 1591 2511 redolent.
1637 2456 1779 2509 Praeterea
1799 2457 1965 2509 credendum
1984 2468 2104 2511 nonest
2124 2469 2182 2529 post

391 2552 541 2607 iustiniani
560 2558 683 2619 tempora
703 2550 831 2602 librarios
851 2551 881 2602 in
900 2549 968 2600 iuris
986 2550 1095 2618 antiqui
1116 2549 1242 2619 reliquiis
1261 2549 1450 2603 describendis
1467 2567 1577 2620 operam
1597 2565 1673 2602 suam
1688 2551 1897 2618 consumpsisse.

498 2645 573 2698 Hace
592 2643 727 2695 sarfficiant
745 2643 779 2694 de
800 2641 894 2694 codice
912 2643 1119 2711 manuscripto,
1141 2659 1223 2713 quem
1243 2645 1274 2696 in
1291 2647 1471 2697 annotatione
1490 2652 1582 2697 nostra
1599 2644 1692 2696 littera
1720 2644 1748 2695 V.
1776 2641 1931 2713 (Vaticon.)
1956 2645 2101 2715 designare
2120 2649 2177 2716 pla·

393 2743 458 2793 cuit
491 2753 566 2792 nunc
591 2736 731 2790 videamus
762 2734 902 2806 quomodo
921 2735 944 2787 is
962 2734 1068 2804 publici
1084 2737 1152 2787 iaris
1171 2735 1258 2791 iactus
1279 2737 1323 2792 sit.
1376 2738 1460 2809 Quod
1480 2738 1592 2808 quidem
1611 2755 1676 2808 prae
1695 2741 1792 2791 ceteris
1812 2739 1916 2808 Angeia
1936 2739 2011 2791 Maio
2035 2742 2176 2804 debemus,

391 2834 441 2904 qui
462 2848 512 2903 pro
533 2846 583 2884 aua
601 2831 631 2885 in
649 2829 813 2900 indagandis
833 2827 1017 2899 palimpsestis
1036 2829 1171 2882 industria
1188 2831 1310 2885 codicem
1328 2831 1373 2884 bis
1392 2833 1524 2902 seriptum
1544 2848 1604 2885 esse
1620 2834 1725 2901 primus
1736 2831 1948 2895 animadvertit,
1965 2840 1994 2886 et
2011 2835 2088 2886 acuti
2101 2837 2181 2898 risus,

393 2945 449 3000 qao
467 2933 583 2983 naturae
605 2925 679 2980 dono
700 2926 820 2994 gaudet,
837 2923 943 2977 auxilio
961 2925 1128 2993 scripturam
1145 2924 1264 2978 deletam
1283 2932 1368 2995 atque
1387 2927 1570 2980 recentiorum
1591 2927 1746 2979 litterarum
1767 2925 1860 2993 liguris
1878 2926 2005 2980 obrutam
2022 2928 2181 2998 explicarit.

390 3020 446 3076 Sed
464 3036 525 3074 cum
542 3023 587 3074 vir
605 3019 702 3072 doctas
721 3037 736 3072 a
755 3020 823 3071 iuris
842 3019 957 3071 scicntia
975 3016 1083 3069 alienus
1101 3025 1188 3081 erset,
1206 3017 1366 3072 felicissime
1384 3019 1490 3082 evenit,
1508 3027 1540 3071 nt
1556 3019 1680 3072 Blumius
1701 3026 1796 3072 noster
1813 3027 1880 3070 tunc
1899 3018 1999 3070 Romae
2016 3029 2178 3082 moraretur.

292 3129 296 3133 ·
391 3117 469 3169 euius
489 3114 613 3168 doctrina
635 3128 668 3165 ac
686 3113 835 3181 sagacitate
853 3112 882 3163 in
901 3109 1025 3181 legendis
1046 3117 1076 3162 et
1095 3110 1274 3166 restituendis
1290 3113 1334 3164 hir
1355 3113 1515 3182 fragmentis
1533 3127 1705 3182 summopere
1724 3126 1752 3164 sc
1771 3111 1895 3164 adiutum
1914 3111 1999 3164 fuisse
2021 3114 2081 3183 ipse
2093 3114 2179 3167 Maias

389 3215 508 3263 testatus
529 3209 599 3261 est³.
647 3208 803 3262 Dolendum
830 3211 922 3258 umen
948 3211 990 3257 cst
1014 3204 1152 3257 Blumium
1169 3213 1284 3276 propter
1299 3207 1413 3260 nimiam
1432 3203 1547 3258 editoris
1568 3205 1775 3258 festinationem
1795 3206 1824 3258 ia
1842 3205 1944 3258 librum
1962 3207 2024 3276 plus
2046 3209 2179 3278 temporis

389 3305 526 3359 insumere
545 3303 737 3375 nequivisse⁸3
756 3301 883 3372 alioquin
901 3299 948 3353 bic
965 3300 1008 3353 vir
1026 3297 1195 3354 retractandi
1212 3298 1316 3353 codlclr
1332 3299 1524 3353 necessitatem
1542 3307 1617 3352 certe
1637 3298 1742 3350 nullam
1761 3299 1926 3368 reliquisset
1974 3298 2086 3351 Prodiit
2111 3318 2178 3370 oper

393 3415 455 3452 curn
475 3398 537 3450 aliis
557 3395 735 3468 antiquitatis
756 3394 966 3448 monumentis⁸
993 3392 1163 3447 subtituto:
1194 3393 1268 3447 luris
1294 3394 1389 3448 ciuilis
1407 3394 1642 3450 umeiustiniurrci
1659 3393 1798 3466 reliquiae
1818 3391 1941 3447 ineditas
1960 3410 1995 3446 cr
2016 3391 2114 3448 codice
2136 3413 2179 3448 rs·

396 3638 570 3653 m

859 3815 883 3870 5
920 3813 954 3886 Q
984 3811 1092 3869 xxvii.
1110 3813 1158 3872 tol,
1179 3815 1201 3874 Ι.
1210 3813 1415 3882 Wiol
1433 3811 1505 3864 vlit

1012 3899 1040 3953 p·
1066 3885 1108 3938 82
1132 3900 1153 3935 ι
1174 3884 1201 3943 Ι)
1367 3901 1392 3953 p.
1416 3885 1503 4020 ⁸1⁹⁶ss
1522 3880 1548 3930 b
1563 3883 1603 3951 (ς)

1366 3956 1543 4075 iolssvss
1517 3965 1543 4009 a
1557 3952 1598 4020 (ᾗ)

1093 4020 1200 4075 solli.

1367 4091 1545 4163 p..·.90ab
1748 4062 1782 4137 ⁰

1192 4058 1358 4094 ’Μ

856 4508 883 4564 s.
903 4506 937 4578 Q.
956 4505 1004 4562 rr
1028 4441 1156 4558 mirsi.
1175 4453 1410 4647 qwio'r
1430 4473 1542 4558 vru'

971 4574 1196 4695 ΙῬ-ηδᾼμ)
1362 4577 1543 4646 p....aoba

988 4647 1062 4716 r·⁸⁶
1085 4647 1112 4697 b
1123 4662 1138 4694 ⁸
1157 4648 1197 4718 (t)

1063 4714 1111 4768 tot.
1130 4716 1198 4788 ¹¹¹3·
1207 4715 1413 4786 sewffl·
1431 4714 1489 4765 vn.

1013 4800 1040 4855 p.
1060 4786 1102 4838 ai.
1123 4785 1151 4839 b.
1173 4802 1196 4839 a.
1361 4801 1388 4856 p
1411 4787 1454 4840 rs.
1472 4785 1498 4833 b
1518 4798 1542 4834 a.

1079 4853 1128 4912 fol,
1148 4856 1196 4908 111.
1204 4853 1412 4924 Wiol
1431 4854 1510 4924 Vl.3

1016 4939 1043 4992 p
1065 4939 1148 4992 spa
1169 4926 1195 4977 b
1362 4940 1389 4993 p.
1409 4938 1450 4976 aa.
1471 4940 1493 4976 a.
1514 4924 1538 4974 b.

1084 4993 1132 5043 fol
1152 4995 1194 5046 iv.
1205 4992 1413 5063 mici.
1431 4992 1463 5047 V.

994 5063 1195 5255 reustum}
1361 5062 1534 5133 emath·

857 5217 882 5269 7.
920 5199 992 5270 (Q.
979 5132 1184 5265 d'ialsimrelii‘i
1204 5203 1380 5268 mi.
1399 5200 1444 5258 ili
1463 5201 1506 5253 vel
1525 5200 1629 5272 Vil.(3)

1002 5286 1030 5340 p
1048 5271 1092 5325 62.
1121 5272 1149 5330 b.
1167 5289 1191 5325 a.
1361 5288 1389 5342 p.
1410 5273 1452 5340 59.
1470 5270 1496 5320 b.
1515 5285 1539 5321 a.

462 5366 491 5434 3)
527 5361 568 5419 (ΣΙ.
581 5358 666 5430 praei.
685 5356 720 5412 ed
738 5355 813 5411 llam.
830 5373 857 5429 p.
876 5355 984 5411 xvnu.

462 5458 489 5527 8)
526 5456 568 5509 Ci.
586 5454 685 5507 Blumii
704 5453 763 5507 Itsr
779 5451 927 5512 italicum,
943 5447 1037 5519 nup.
1053 5448 1099 5519 96.
1114 5454 1171 5503 not¹
1195 5449 1252 5505 ros.

464 5551 496 5609 5)
530 5549 606 5603 Libri
624 5548 724 5602 titulus
745 5552 802 5599 cst:
821 5545 896 5598 lurrr
913 5542 1007 5595 c'iriiir
1025 5555 1053 5595 er
1071 5542 1227 5611 Symmachi
1241 5541 1515 5608 orationumpurmees
1551 5540 1659 5594 0.Ιυὶἰί
1677 5541 1799 5598 Victoris
1818 5558 1867 5596 ors
1885 5541 2039 5599 rhetorica
2057 5543 2079 5598 l
2100 5543 2168 5596 cas-

392 5623 453 5678 ciiii
469 5619 629 5675 Minuciani
647 5617 757 5690 Apuicii
771 5614 931 5687 fragmenta
948 5609 982 5664 ds
1000 5611 1209 5728 orthographia.
1231 5607 1417 5681 cumeppssrd
1430 5623 1458 5667 st
1474 5609 1529 5664 rab.
1550 5614 1653 5666 asneis.
