4560 6562
218 281 299 351 xtv

221 472 254 524 de
272 471 305 524 iis
324 485 392 540 quae
411 470 486 540 quasi
506 486 540 522 ex
559 477 694 524 coauaetu
712 478 854 524 nascuntur
870 470 1073 540 subinuxemnt)
1092 473 1120 520 at
1137 462 1381 519 commentationem
1398 461 1433 514 de
1450 459 1653 531 obligationibus
1664 472 1698 513 ex
1715 458 1854 515 maleficiis
1869 459 2033 515 orientibus

221 566 373 633 interposita
390 564 452 629 sint,
471 565 530 632 ipsa
549 565 626 618 Gaius
646 565 689 633 (b.
700 565 726 618 t.
734 565 765 617 lt.
773 564 845 636 deo.
860 572 887 616 et
897 565 928 617 ab
938 562 1024 617 xliv.
1036 563 1070 628 7.,
1088 562 1133 632 qui
1151 560 1226 614 locus
1243 564 1342 611 tantum
1358 571 1412 609 non
1431 556 1524 609 lisdem
1543 555 1664 609 omnibus
1682 553 1770 608 verbis
1787 556 1813 608 in
1823 570 1865 625 pr.
1877 556 1900 609 L
1911 556 1952 609 de
1975 556 2034 610 obl.

221 673 248 727 q.
267 673 300 710 ea
318 656 369 710 del.
388 672 460 709 nasc.
479 657 558 710 itti.
579 657 689 726 legitur)
711 658 774 709 satis
793 655 864 709 clare
882 658 1020 724 expressit,
1040 670 1073 707 ex
1090 653 1227 707 maleficiis
1245 660 1320 705 natas
1340 651 1515 720 obligationes
1532 665 1622 703 ornnes
1640 665 1670 704 re
1687 656 1785 736 tantuna
1802 651 1982 718 consistere,
2003 653 2033 705 id

224 759 264 804 est
282 753 339 818 ipso
357 750 495 803 malebein.
531 751 564 803 Et
581 766 664 814 sane,
688 752 710 804 si
729 752 770 802 ius
789 751 868 802 civile
887 759 1045 817 spectamus,
1064 763 1118 801 non
1135 749 1185 801 nisi
1204 752 1382 800 contractuum
1400 745 1465 798 baec
1482 746 1540 813 ipsa
1559 750 1650 797 natnra
1667 759 1698 795 ac
1716 744 1774 797 linis
1799 752 1856 809 est,
1886 753 1917 796 ut
1937 762 1978 799 ex
1999 747 2034 800 iis

225 844 397 914 obligationes
415 854 568 906 nascantur;
587 860 619 896 ea
635 852 720 896 autem
739 846 818 909 lacta,
839 845 982 912 exquibus
1003 845 1077 914 qnasi
1098 858 1130 896 es
1149 841 1324 894 eontractibus
1344 839 1497 909 obligamur,
1516 846 1543 891 ct
1559 853 1623 891 vero
1641 840 1718 891 etiam
1736 838 1866 892 maielicia
1887 843 1987 893 omnia
2006 851 2036 895 et

224 954 292 1007 qnae
312 939 379 990 lacta
398 946 525 990 eventave
542 940 615 1006 qnasi
635 940 693 1007 qnis
713 937 868 1008 deliquisset
884 938 1059 1007 obligationes
1078 939 1201 1006 pariunt,
1227 935 1305 988 aliam
1327 951 1374 1003 per
1393 950 1423 988 se
1441 941 1558 987 naturam
1576 934 1686 999 babent,
1706 949 1783 1002 quarn
1800 934 1937 1003 obligatio
1957 953 2033 991 oon·

222 1032 348 1099 sequitur,
366 1046 419 1082 non
437 1048 492 1083 eam
511 1038 540 1083 ut
558 1031 742 1099 obligationem
761 1033 877 1099 pariant:
896 1030 1000 1086 seilicet
1017 1047 1094 1084 nemo
1112 1032 1207 1084 lurtum
1225 1030 1304 1095 iacit,
1323 1036 1353 1080 nt
1374 1027 1598 1082 instinctionibus
1624 1035 1650 1081 et
1669 1028 1834 1101 condictione
1851 1028 1962 1083 furtiva
1982 1040 2031 1086 te-

223 1134 329 1190 neatur,
346 1125 392 1177 sed
410 1124 566 1190 emptionem
590 1138 666 1175 nemo
686 1123 824 1188 contrabit,
842 1123 892 1176 nisi
913 1123 936 1175 si
953 1109 1115 1175 venditorem
1133 1120 1235 1177 adrem
1249 1123 1398 1177 tradendam
1416 1121 1465 1176 sibi
1485 1123 1595 1192 obligari
1617 1119 1699 1187 velit,
1717 1123 1797 1176 etsie
1815 1122 1964 1193 deinceps.

324 1267 364 1321 ild
386 1282 446 1335 pag.
458 1265 525 1319 vlll.
543 1264 572 1329 1.
585 1265 611 1317 8.
623 1273 691 1334 sqq.]
728 1266 768 1319 ile
787 1267 889 1318 ratione
908 1265 984 1320 huins
1001 1267 1082 1335 partis
1101 1281 1180 1334 snpra
1197 1266 1244 1336 (ad
1261 1282 1320 1334 pag.
1330 1267 1352 1319 l.
1374 1266 1401 1331 i.
1412 1266 1452 1318 13.
1464 1265 1519 1335 lt.)
1538 1267 1682 1334 expositam
1701 1274 1749 1320 est.
1791 1281 1871 1337 qnam
1889 1268 2037 1338 simpliei-

223 1369 263 1413 ter
279 1360 467 1429 eleganterque
486 1359 564 1412 Gaius
585 1374 641 1411 eam
661 1360 795 1412 adornavit
814 1374 891 1412 nemo
911 1361 982 1429 quod
1001 1362 1082 1413 sciam
1099 1360 1183 1412 adbuc
1202 1360 1358 1423 declaravit;
1390 1375 1476 1429 neque
1500 1374 1596 1428 capere
1613 1367 1699 1413 mente
1717 1368 1804 1429 potest
1822 1362 1876 1415 nisi
1901 1365 1955 1432 qui
1976 1363 2037 1418 Gaii

224 1454 394 1523 tn’icnspidem
411 1454 604 1508 institutionum
621 1454 736 1522 stipitem
754 1460 827 1505 recte
845 1455 983 1505 intueatur.
1030 1454 1156 1517 Quattuor
1180 1454 1255 1507 buius
1275 1456 1354 1521 partis
1372 1455 1438 1517 sive,
1456 1455 1478 1505 si
1496 1455 1553 1522 quis
1571 1454 1740 1522 exceptiones
1757 1462 1785 1507 ut
1802 1455 1948 1508 aedanum
1969 1474 2038 1526 spe.

225 1550 290 1600 eiem
300 1563 402 1617 ponere
414 1549 487 1600 malit
504 1549 588 1617 (quod
598 1547 685 1599 iacere
699 1546 773 1599 nolui
784 1555 891 1614 propter
907 1545 988 1600 verba
1004 1546 1059 1598 Gaii
1074 1545 1220 1618 tv.§.108.
1241 1560 1306 1611 ,aec
1319 1546 1423 1597 omnino
1436 1547 1481 1609 ita,
1499 1553 1528 1596 ut
1541 1560 1620 1609 aune,
1637 1559 1699 1599 usus
1716 1554 1771 1598 erat
1790 1544 1845 1600 illis
1858 1551 2040 1618 temporibus

228 1645 259 1712 [1
270 1642 365 1712 elegis
375 1645 516 1712 actionum]
537 1643 759 1709 exceptionumss),
777 1641 827 1692 tria
844 1638 958 1691 membra
978 1639 1081 1690 omnino
1094 1637 1472 1690 Romanamconiormationem
1484 1635 1588 1702 babent,
1607 1653 1694 1708 neque
1712 1639 1744 1692 ab
1754 1641 1785 1694 iis
1804 1643 1850 1712 qui
1864 1642 2041 1702 Iustinianas

231 1737 409 1789 institutiones
420 1735 633 1803 compilaverunt,
653 1734 818 1803 quantumvis
836 1741 862 1784 et
872 1734 1080 1801 praetermittere
1091 1738 1118 1782 et
1126 1731 1260 1782 immutare
1273 1738 1437 1798 cogerentur,
1457 1732 1622 1796 systematiea
1640 1731 1715 1785 buius
1726 1737 1805 1803 partis
1814 1737 1885 1790 ratio
1900 1751 2042 1810 corrupta

226 1828 413 1894 oollisaveest,
430 1827 493 1880 licet
512 1844 545 1879 ex
563 1827 673 1879 rubricis
691 1824 863 1894 imperialium
880 1825 1072 1877 Institutionum
1083 1825 1128 1877 vix
1141 1840 1240 1877 summa
1258 1824 1390 1877 oculorum
1405 1826 1475 1875 acies
1485 1832 1512 1875 et
1522 1825 1630 1878 intentio
1642 1842 1732 1880 veram
1742 1834 1929 1884 commentarii
1950 1835 2041 1890 ador.

226 1922 388 1975 candidium
406 1923 588 1992 exploraverit.
615 1920 802 1974 TitulnsXVll.
815 1920 875 1972 ideo
892 1919 1042 1972 adiciendus
1052 1919 1110 1984 init,
1127 1919 1337 1988 quodrecenlius
1355 1933 1420 1987 optus
1431 1917 1465 1970 ds
1477 1918 1594 1973 inrmulis
1611 1929 1690 1988 capnt
1708 1921 1776 1986 (Gai.
1787 1923 1829 1976 lv.
1849 1925 1889 1998 55.
1897 1924 1947 1978 32.
1956 1935 2041 2003 sqq.)

225 2032 279 2070 nen
297 2016 465 2080 admittebat3
494 2013 678 2081 compilatores
696 2023 782 2066 autem
801 2021 845 2066 ant
863 2014 960 2066 laboris
980 2015 1113 2066 nonsatis
1133 2014 1263 2081 patientes
1284 2014 1366 2066 luisse
1386 2014 1552 2066 eutolmium
1572 2015 1625 2066 otio
1642 2017 1758 2068 caruisse
1775 2016 1922 2086 videntur,
1951 2039 2038 2092 qnam

227 2117 304 2162 ntea
322 2124 390 2178 quae
409 2109 457 2162 snb
474 2109 579 2161 rubrica
596 2108 636 2160 lie
656 2110 741 2175 officio
762 2107 855 2160 iudicis
872 2108 1033 2160 tradiderunt
1051 2107 1152 2160 iustiori
1168 2107 1227 2158 loco
1248 2114 1274 2158 et
1290 2108 1431 2175 praecipue
1448 2107 1492 2160 abt
1520 2107 1560 2159 De
1577 2110 1720 2162 saionibus
1740 2111 1827 2177 agitur
1846 2127 2035 2181 exponerent,

229 2203 304 2267 Quod
321 2201 424 2255 titulum
455 2203 496 2255 lle
511 2201 621 2270 publicis
640 2201 744 2253 iudiciis
762 2200 915 2252 addiderunt
941 2209 1140 2264 antecessores,
1171 2201 1281 2254 tortasse
1301 2201 1395 2252 laetum
1419 2209 1474 2266 est,
1503 2210 1532 2253 ut
1547 2203 1630 2269 magis
1659 2205 1695 2269 (si
1718 2204 1853 2257 iustiniani
1875 2209 1969 2265 verbis
1991 2215 2033 2264 uti

230 2296 305 2365 licet)
323 2310 389 2364 opus
408 2298 485 2348 totius
507 2296 640 2363 legitimae
657 2297 784 2348 scientiae
804 2297 887 2362 prima
904 2294 1033 2346 elementa
1051 2310 1112 2347 esse
1128 2295 1269 2357 videretur,
1287 2292 1410 2361 rudisque
1427 2295 1526 2346 animus
1546 2295 1654 2349 studiosi
1669 2296 1772 2351 facilius
1790 2297 1824 2350 ad
1839 2297 1942 2355 altioris
1957 2319 2029 2371 prn.

231 2389 334 2441 dentiae
352 2389 466 2456 Digestis
486 2390 594 2440 traditae
615 2389 777 2456 redigeretur
795 2390 941 2440 scientiam.
978 2387 1093 2453 Scilicet,
1111 2396 1141 2441 ut
1158 2388 1207 2441 sub
1224 2388 1301 2441 nnius
1321 2386 1495 2439 dominatione
1513 2387 1592 2441 nullis
1610 2387 1713 2456 legibus
1725 2398 1875 2460 temperata,
1893 2410 1928 2446 ex
1946 2401 2025 2450 omni

230 2485 288 2535 issrs
305 2481 411 2550 publico
428 2482 563 2534 iustiniani
581 2481 739 2549 temporibus
758 2488 861 2548 praeter
879 2482 919 2534 ius
938 2481 1071 2533 criminale
1088 2482 1157 2550 qnod
1174 2495 1297 2535 commus
1319 2482 1364 2534 via
1382 2479 1480 2550 aliquid
1498 2491 1631 2550 superstes
1648 2491 1712 2536 erat.

331 2627 372 2680 Ad
389 2627 504 2694 pag.lli.
524 2625 552 2688 i.
570 2625 642 2697 bb]
685 2625 724 2678 Do
745 2627 831 2678 causis
857 2625 988 2676 actionum
1012 2625 1117 2692 proprio
1134 2624 1273 2677 nomines
1300 2625 1376 2680 nobis
1395 2633 1421 2678 et
1445 2627 1472 2679 iu
1497 2639 1546 2679 nos
1569 2627 1782 2681 instituendarum
1801 2629 1826 2681 ln
1847 2628 1867 2680 l.
1890 2640 2013 2696 exponere

232 2729 368 2788 propterea
387 2736 452 2789 opus
470 2728 598 2784 nonest,
618 2707 688 2788 quod
710 2733 757 2771 eae
775 2727 829 2771 toto
850 2719 907 2770 iure
921 2726 981 2770 ante
999 2716 1129 2784 explicato
1148 2715 1321 2771 continentur.
1358 2716 1442 2773 Unum
1460 2725 1595 2787 supererat
1612 2718 1682 2790 qoud
1703 2720 1735 2772 ad
1749 2731 1890 2777 nascentes
1905 2725 2022 2777 actiones

232 2817 408 2869 demonstrare
426 2818 472 2883 qui
489 2816 577 2867 alieno
595 2817 700 2867 nomine
718 2829 797 2883 agere
813 2821 858 2866 aut
875 2813 1010 2866 conveniri
1028 2819 1144 2880 possent.

295 3011 296 3014 ,
334 2958 374 3010 Ad
394 2971 454 3025 pag.
475 2956 518 3008 lx.
537 2953 567 3018 i.
588 2955 640 3029 19.]
676 2954 799 3006 Dubitare
824 2957 910 3023 possis
937 2971 970 3008 an
995 2955 1073 3009 Gaius
1099 2954 1132 3006 de
1159 2953 1285 3021 pauperie
1303 2953 1354 3007 boc
1372 2953 1431 3008 loco
1450 2957 1617 3023 disseruerit,
1644 2972 1722 3026 quum
1748 2973 1816 3029 qnae
1836 2959 1893 3030 legi
1912 2973 2034 3030 possunt

233 3049 255 3121 §i
274 3048 318 3100 81.
340 3049 422 3100 verba
438 3049 524 3100 omnin
543 3047 575 3098 ad
592 3061 683 3099 servos
701 3061 785 3099 noxae
806 3047 903 3100 dandos
922 3045 1059 3098 referenda
1078 3059 1137 3098 esse
1154 3044 1308 3112 videantur,
1334 3063 1422 3118 neque
1445 3051 1472 3104 in
1492 3051 1589 3104 codicis
1606 3053 1764 3106 Veronensis
1785 3068 1845 3122 pag.
1863 3056 1927 3108 219.
1948 3060 2033 3128 quic·

233 3157 310 3209 quara
326 3140 395 3209 quod
413 3141 446 3192 ud
463 3141 614 3208 pauperiem
632 3141 763 3208 pertineat
782 3138 835 3208 legi
856 3141 948 3208 possit.
985 3141 1114 3193 addideris
1132 3140 1264 3206 tortasse,
1288 3139 1377 3194 Gaium
1396 3141 1422 3194 b.
1442 3142 1460 3194 l.
1480 3143 1616 3198 decausis
1636 3146 1843 3200 alienonomine
1862 3148 1891 3200 ln
1912 3164 1967 3204 nos
1988 3153 2035 3204 in·

233 3233 418 3286 stituendarum
434 3234 564 3284 actionum
585 3247 718 3299 exponere
735 3234 855 3300 interque
875 3248 919 3285 ens
941 3242 1047 3302 propter
1063 3235 1184 3287 nocentia
1201 3235 1322 3289 animalia
1341 3245 1429 3291 nostra
1447 3238 1543 3294 dandas
1561 3243 1678 3295 actiones
1694 3243 1780 3297 minos
1794 3250 1918 3297 accurate
1936 3246 2036 3299 eollo·

234 3326 296 3377 cari.
333 3325 384 3378 Sed
402 3323 452 3375 boe
473 3324 576 3393 quidem
594 3323 672 3376 aliter
690 3324 785 3377 habet:
812 3325 890 3377 Gaius
914 3341 957 3379 cas
976 3328 1093 3391 actiones
1112 3328 1138 3381 ln.
1158 3327 1176 3380 l.
1195 3345 1284 3384 omnes
1304 3339 1462 3399 percenset,
1499 3334 1592 3404 quibus
1610 3352 1664 3388 nois
1683 3353 1717 3389 es
1733 3339 1827 3389 sostris
1847 3340 1945 3405 fectis,
1977 3359 2040 3397 sess

234 3430 322 3473 nostro
341 3421 444 3472 nomiae
462 3427 597 3485 terremur,
616 3419 663 3471 sed
683 3434 715 3471 eo
734 3433 782 3472 nos
802 3419 864 3472 dare
884 3428 1005 3489 oportet,
1024 3421 1093 3490 quod
1110 3424 1168 3477 sive
1184 3423 1302 3479 homines
1323 3428 1372 3482 iuri
1391 3436 1479 3481 nostro
1500 3427 1611 3481 subiecti
1628 3431 1684 3483 sive
1703 3446 1746 3484 res
1765 3438 1869 3484 nostrae
1884 3446 1947 3484 sese
1969 3449 2037 3487 mo·

236 3524 327 3567 rentes
345 3514 444 3582 aliquid
462 3513 588 3568 iecerunt.
624 3513 715 3583 licque
734 3514 809 3579 illud,
829 3514 897 3584 quod
917 3517 934 3588 §.
956 3514 999 3568 81.
1020 3517 1052 3569 ad
1070 3533 1161 3572 servos
1181 3536 1266 3575 noxae
1283 3524 1380 3577 dandos
1398 3525 1520 3590 refertur,
1537 3526 1641 3577 obstat:
1659 3542 1717 3578 nam
1733 3526 1901 3596 depauperie
1920 3543 2038 3598 quoqne

239 3610 318 3673 actio,
338 3610 361 3660 si
380 3617 440 3660 anta
453 3607 524 3660 litem
545 3614 714 3660 contestatam
735 3608 879 3662 decesserit
896 3609 1001 3675 animal,
1019 3615 1186 3680 extinguitur.
1223 3615 1294 3686 (Uip.
1312 3618 1339 3670 t..
1352 3621 1375 3670 1.
1395 3620 1416 3690 §.
1434 3619 1475 3670 13.
1490 3618 1521 3671 1).
1540 3620 1562 3671 11
1581 3619 1706 3690 quadrup.
1722 3621 1765 3673 tx.
1776 3622 1799 3673 1.
1819 3619 1879 3671 coll.
1900 3635 1961 3672 cnm
1986 3621 2038 3676 ln-

238 3703 300 3753 lian.
319 3701 397 3755 189.
417 3702 471 3774 §.d
509 3703 567 3770 Uip.
587 3703 665 3756 labb.
684 3705 705 3776 §-
724 3705 746 3754 l.
765 3702 796 3755 1).
814 3703 848 3754 de
867 3703 952 3755 noxal.
971 3713 1021 3756 act.
1041 3706 1137 3779 1111.)
1182 3707 1320 3764 Praeterea
1349 3713 1548 3766 iustinianamm
1572 3713 1762 3768 institutionum
1795 3714 1859 3767 ordo
1888 3718 2039 3786 seriesque

237 3797 342 3848 omnino
360 3798 448 3849 versui
465 3796 503 3849 ilii
525 3806 614 3849 nostro
635 3798 676 3850 19.
696 3798 803 3849 lavent:
821 3813 913 3865 presse
932 3801 1000 3850 enim
1018 3809 1141 3868 quantum
1162 3800 1218 3854 fieri
1236 3806 1322 3871 potuit
1342 3807 1369 3856 in
1387 3805 1438 3856 boc
1458 3808 1645 3858 commentario
1665 3807 1813 3861 adornando
1831 3807 1956 3860 Gaianatn
1984 3826 2037 3862 ra·

238 3891 334 3941 tionem
352 3889 414 3943 illae
432 3899 582 3958 sequuntur.
618 3890 708 3959 laque
727 3892 767 3943 sic
785 3893 935 3943 statuerim:
954 3892 1032 3945 Gaius
1052 3902 1113 3961 post
1130 3899 1261 3962 expositas
1280 3900 1396 3951 actiones
1415 3914 1482 3967 qnae
1500 3915 1532 3952 es
1548 3900 1721 3952 contractibus
1733 3901 1922 3969 maleficiisqne
1940 3901 2037 3955 horni-

237 4002 297 4039 num
316 3987 438 4054 potestati
464 3995 568 4038 normae
586 3986 761 4038 subiectorum
782 3988 908 4051 oriuntur,
927 3989 954 4039 in
973 3988 1024 4040 liae
1043 3989 1176 4058 pag.218.
1196 3993 1324 4060 initioque
1345 4008 1404 4061 pag.
1425 3992 1485 4045 219.
1505 3993 1563 4046 cod.
1585 3995 1679 4046 Veron.
1698 3995 1760 4062 quid
1786 3995 1892 4047 elieotus
1919 4005 2038 4049 contn-

238 4089 323 4132 ctuum
342 4079 562 4132 maleficiorumve
584 4082 712 4132 aceteris
738 4082 788 4132 iuri
817 4090 907 4133 nostro
931 4081 1055 4134 subiectis
1081 4086 1200 4152 personis
1226 4085 1394 4139 admissorum
1422 4086 1522 4140 diiierat
1545 4088 1672 4150 ostendit;
1709 4098 1761 4140 tum
1785 4088 1818 4142 ad
1843 4091 1979 4157 antiquam
1998 4093 2038 4146 de

240 4176 364 4241 pauperie
383 4175 520 4240 actionem,
540 4182 574 4238 et,
592 4181 620 4227 ut
638 4183 700 4241 puto
715 4213 723 4240 ,
741 4177 817 4228 etiam
839 4178 878 4246 (ut
893 4177 914 4248 1.
935 4179 957 4228 1.
972 4176 992 4229 1.
1011 4180 1032 4228 11
1051 4157 1176 4246 quadrup.
1196 4179 1238 4231 lv.
1249 4178 1286 4251 9.)
1307 4179 1338 4230 ad
1359 4180 1491 4233 aedilicias
1511 4184 1626 4234 actiones
1644 4191 1749 4249 propter
1767 4183 1887 4234 nocentia
1904 4186 2038 4241 animalia

243 4268 314 4319 datas
334 4268 424 4319 transit
436 4283 443 4330 ;
457 4269 504 4321 toti
523 4267 636 4337 denique
656 4269 716 4321 loco
736 4269 813 4322 linem
827 4284 858 4321 ea
880 4270 1063 4324 observatione
1081 4274 1209 4340 imponit,
1230 4273 1323 4341 quibus
1342 4273 1425 4326 modis
1443 4289 1458 4326 1
1474 4290 1558 4328 norae
1576 4277 1654 4330 dandi
1671 4276 1831 4346 obligatione
1850 4284 1923 4344 pater
1942 4279 2037 4336 domi..

242 4374 324 4414 nnsve
346 4359 478 4413 liberetur.

337 4501 377 4554 Ad
395 4515 454 4569 pag.
475 4500 504 4555 X.
527 4500 555 4565 i.
573 4501 599 4552 8.
620 4499 656 4574 9.]
694 4500 733 4554 Gi.
752 4515 820 4570 qnae
838 4502 916 4570 paulo
934 4511 994 4556 ante
1011 4506 1042 4556 ad
1061 4521 1121 4576 pag.
1139 4507 1206 4561 vtll.
1227 4510 1291 4574 †.8.
1302 4528 1358 4583 sqq.
1379 4512 1569 4565 annotavimus.

937 4752 1339 4783 ‘’w-*-

344 5053 486 5124 Singularis
505 5070 576 5107 error
592 5053 710 5123 pugili.
728 5053 815 5120 Mi.
836 5056 957 5127 estquod
976 5075 1000 5112 v.
1020 5061 1049 5113 irs
1068 5060 1141 5116 ionis
1160 5076 1284 5131 expressa
1305 5072 1365 5118 sunt
1384 5082 1431 5136 pro
1451 5084 1475 5119 v.
1495 5069 1576 5120 dieioi
1595 5069 1660 5120 iuris

345 5145 406 5200 Post
422 5147 449 5211 1.
472 5149 513 5202 15.
532 5165 592 5219 pag.
606 5150 648 5202 vt.
670 5151 765 5203 excidit
783 5151 826 5204 hic
844 5166 949 5205 versus:
986 5159 1011 5226 r)
1034 5153 1132 5208 Tutoris
1150 5155 1220 5209 dotia
1240 5158 1341 5212 directo
1359 5185 1413 5220 ης,
1435 5167 1516 5218 detes.
1554 5162 1654 5216 Gaill.
1676 5159 1774 5234 1289.
