4560 6562
142 461 177 508 tv
854 428 1191 506 PRAEMONITUM.

218 628 380 695 Veronensis
406 639 584 691 bibliothecae
608 638 758 707 capitularis
789 639 873 692 codex
899 653 1007 691 numero
1030 641 1122 692 tertius
1147 641 1263 693 decimus
1291 640 1443 708 Hieronymi
1470 641 1596 709 epistulas
1623 641 1739 693 eontinet
1756 644 1783 694 in
1803 643 1941 701 deleticiis

133 737 288 789 membranis
307 737 427 803 scriptas.
445 735 555 786 subsunt
573 735 701 801 scriptura
720 735 908 801 antiquissima,
928 748 1004 801 quam
1023 734 1153 786 uncialcm
1171 737 1257 803 potius
1276 751 1353 805 quam
1364 735 1501 804 capitalem
1512 736 1672 804 diplomatici
1690 740 1771 790 nostri
1791 740 1942 809 appellant,

135 830 181 882 sed
204 845 236 882 ea
256 829 327 880 eluta
340 843 373 879 ac
389 842 470 894 saepe
489 840 581 891 erasa,
603 827 659 878 Gaii
678 826 855 878 Institutioncs
876 833 972 877 tantum
994 841 1047 878 non
1080 828 1207 897 integrae.
1243 829 1310 882 duae
1334 833 1447 900 paginae
1474 831 1541 899 (wi
1568 839 1595 881 ct
1619 829 1700 898 236),
1729 846 1796 900 quae
1816 849 1941 890 scorsum

135 934 319 987 asservantur,
347 921 486 973 deleticiae
504 934 556 970 non
576 927 653 984 sunt,
682 919 728 971 sed
745 918 826 971 solam
848 921 955 987 primam
976 921 1129 988 scripturam
1150 923 1255 976 lrabeat.
1296 924 1363 977 duae
1389 932 1417 977 et
1434 927 1570 993 sexaginta
1587 925 1628 976 bis
1649 927 1844 998 astipulationes
1864 941 1939 998 sung

136 1033 221 1087 eoque
239 1020 321 1086 prima
340 1015 420 1067 lectio
439 1013 536 1066 Gaiana
553 1012 715 1064 difficillima.
736 1014 787 1065 bne
806 1015 925 1082 quieter
944 1017 1109 1083 conscriptae
1126 1015 1179 1068 dici
1197 1024 1316 1084 possunt,
1334 1032 1350 1068 a
1368 1016 1515 1085 Bdclsingio
1533 1017 1561 1067 in
1578 1015 1738 1084 marginibus
1758 1016 1852 1072 littoris
1874 1031 1894 1073 t.
1912 1040 1936 1076 a.

135 1121 240 1166 notatae
258 1119 325 1163 sunt.
362 1109 476 1161 omnium
495 1120 616 1158 numeros
637 1115 689 1158 tam
709 1107 904 1174 Hieronymiani
923 1108 1022 1162 codicis
1041 1124 1119 1179 mam
1136 1108 1227 1162 ouant
1249 1109 1410 1164 Gbschenius
1436 1113 1498 1163 itern
1518 1112 1546 1161 in
1565 1110 1725 1178 marginibus
1743 1111 1936 1171 adscribendos

138 1208 246 1268 sorevit,
265 1203 382 1273 singulos
396 1204 548 1270 paginarum
561 1216 654 1254 versus
672 1201 860 1255 interductibus
881 1204 1006 1258 distinxit.
1026 1205 1126 1258 litteras
1147 1204 1245 1272 singuli
1263 1220 1354 1257 versus
1378 1212 1469 1256 tenent
1487 1203 1546 1274 plus
1565 1206 1650 1256 minus
1670 1205 1938 1277 undequadragenas‚

135 1303 183 1354 sed
206 1304 228 1353 si
248 1309 337 1352 nostro
357 1313 437 1350 more
464 1299 522 1349 sinc
547 1299 616 1349 notis
635 1297 797 1363 scribantur,
821 1299 904 1351 multo
927 1299 1025 1367 plures.
1062 1300 1160 1352 codicis
1188 1299 1220 1351 ab
1247 1300 1342 1352 illustri
1369 1301 1426 1351 viro
1450 1299 1479 1350 B.
1498 1298 1528 1351 G.
1548 1298 1692 1352 Niebubrio
1715 1301 1826 1369 primum
1849 1308 1940 1373 agniti

134 1398 286 1464 scripturam
306 1402 333 1445 et
353 1394 435 1460 prima
454 1393 534 1443 editio
553 1393 615 1442 enni
638 1391 716 1444 1820.
739 1400 766 1445 et
784 1401 889 1446 celemc
908 1409 941 1446 ex
954 1395 1058 1448 schedis
1079 1395 1219 1448 Gdsclrenii
1242 1396 1349 1464 petitam
1366 1395 1505 1448 exhibent:
1535 1395 1650 1446 secunda
1670 1396 1784 1448 editione
1806 1414 1830 1448 a
1851 1400 1937 1456 1824.

133 1507 187 1545 non
206 1505 290 1559 pauca
311 1504 345 1541 ex
358 1488 387 1541 F.
404 1487 501 1539 blumii
517 1485 622 1539 scbedis
640 1503 795 1552 accessere,
816 1488 861 1555 qui
878 1486 937 1539 loca
954 1488 1090 1539 innumera
1111 1487 1198 1540 denuo
1217 1489 1417 1539 examinaverat.
1438 1487 1503 1539 baec
1520 1491 1629 1555 omnia,
1643 1490 1688 1542 nbi
1706 1506 1758 1544 non
1776 1493 1940 1552 videbantur

133 1584 284 1653 temptanda
310 1598 388 1647 esee,
416 1582 508 1633 litteris
527 1580 678 1649 vulgaribus
699 1583 795 1650 scripta
812 1583 911 1634 dumus.
939 1582 1062 1651 quicquid
1079 1591 1165 1634 autem
1183 1584 1210 1634 in
1229 1583 1322 1635 codice
1340 1591 1385 1635 aut
1403 1566 1456 1634 no'n
1475 1584 1599 1650 scriptum
1616 1591 1660 1635 aut
1677 1584 1753 1638 aliter
1774 1603 1852 1656 quam
1872 1592 1940 1645 edi.

135 1681 218 1733 dimus
237 1680 361 1746 scriptum
377 1683 462 1728 exstat
480 1683 525 1726 aut
540 1674 655 1744 deniqne
671 1679 734 1729 sads
751 1676 807 1745 legi
821 1691 873 1728 non
890 1677 983 1744 potuit,
1002 1675 1133 1729 inclinatis
1151 1677 1271 1731 ductibus
1288 1693 1441 1746 expressum
1460 1684 1509 1729 ost.
1537 1679 1605 1729 inter
1625 1678 1691 1730 hacc
1708 1694 1741 1732 ea
1761 1696 1829 1749 quae
1847 1682 1938 1739 libra·

134 1776 189 1826 rius
207 1774 313 1837 onusta,
344 1770 515 1824 semicirculis
533 1772 636 1824 inclusa
652 1781 729 1837 sunt3
747 1775 791 1842 qni
810 1773 904 1824 ductus
921 1771 954 1824 ad
971 1771 1057 1824 nullas
1081 1781 1166 1825 certas
1192 1773 1291 1827 litteras
1316 1775 1436 1828 reuocari
1454 1780 1593 1841 potuemut
1610 1781 1655 1825 aut
1671 1774 1755 1826 aciem
1783 1774 1937 1846 legentium

132 1870 237 1936 penitus
257 1868 390 1936 fugerunt,
408 1867 522 1927 διπλαῖς
539 1867 677 1919 introrsum
692 1866 876 1935 vergentibas;
896 1883 963 1936 quae
980 1883 1033 1921 oon
1055 1868 1124 1920 lecta
1140 1877 1184 1920 aut
1205 1869 1303 1921 librarii
1323 1884 1412 1921 errore
1428 1867 1569 1935 depravata
1591 1869 1625 1921 de
1642 1871 1793 1924 coniectura
1816 1875 1935 1932 rellcere

133 1963 178 2016 rel
195 1977 249 2020 non
265 1962 395 2028 potuimus
415 1961 458 2013 rel
478 1963 534 2015 ausi
554 1976 607 2014 uon
626 1976 734 2026 sarnus,
764 1959 870 2014 lineolis
894 1968 1027 2016 ternarum
1052 1972 1079 2016 et
1098 1964 1230 2016 asteriscis
1254 1963 1415 2033 singularum
1437 1962 1579 2017 litterarum
1603 1964 1734 2020 deiectum
1752 1967 1930 2026 iudicantibus

135 2059 240 2125 signata
257 2065 326 2109 suat.

943 2234 1140 2246 mun—mo..

273 2468 345 2532 Quae
365 2464 519 2533 corrigenda
537 2472 582 2516 aut
599 2466 716 2520 addenda
734 2483 794 2523 esso
811 2471 1043 2541 deprstrendmns,
1065 2476 1120 2527 lere
1139 2472 1204 2526 baec
1223 2483 1298 2526 sunt:

101 2599 105 2610 ·
135 2570 254 2630 wama.
291 2572 316 2622 2.
345 2570 373 2633 d.
396 2569 436 2621 13.
455 2584 523 2636 pone
561 2571 665 2623 tentiam

188 2673 224 2685 -
293 2641 318 2692 3.
340 2671 375 2682 -
397 2639 436 2691 10.
473 2669 506 2679 -
563 2641 748 2710 cuiuscumque

188 2743 222 2754 ..
277 2713 373 2763 17.-
410 2710 435 2759 2.
473 2739 506 2748 -
561 2720 682 2776 tanquam

189 2814 222 2826 ..
276 2813 312 2823 -
338 2778 433 2830 -16.
472 2810 504 2821 -
560 2779 688 2831 oblitera-

185 2883 221 2895 ...
275 2882 309 2892 -
337 2879 368 2891 -
387 2848 431 2901 35.
450 2846 510 2916 dele
528 2848 685 2916 adscriptum
704 2867 840 2906 numeram
859 2858 1068 2926 ramponem
1087 2862 1241 2926 sequentem
1260 2871 1365 2911 eorsum
1383 2870 1505 2910 numeros
1527 2856 1631 2909 14...19.

184 2953 220 2964 -
277 2921 318 2974 18.
336 2950 371 2961 -
392 2920 434 2971 18.
454 2932 525 2984 pone
561 2922 709 2990 nancisci!
839 2924 845 2996 Ι

186 3022 223 3035 ..
277 3022 311 3035 ..
340 3022 373 3034 -
395 2987 437 3039 19.
455 3001 559 3052 appone
577 3003 712 3042 numerum
731 2992 773 3055 15,
791 2994 836 3059 qui
853 2993 886 3044 ad
903 3002 1057 3060 sequentem
1074 3007 1179 3045 versum
1197 2992 1321 3061 delapsus
1341 3001 1389 3046 est.

185 3091 221 3104 ..
274 3090 310 3103 -.
337 3088 371 3100 -
389 3056 434 3108 24.
486 3086 519 3098 -
628 3088 661 3098 -
727 3060 772 3125 20,
791 3063 837 3129 qui
854 3065 942 3114 versui
961 3063 1005 3115 23.
1025 3065 1160 3132 appositos
1179 3071 1227 3115 est.

188 3161 224 3173 ...
278 3128 319 3180 19.
338 3159 368 3169 -
391 3125 434 3178 26.
456 3138 526 3190 pone
561 3125 677 3193 dipondio*

189 3229 224 3242 ..
278 3197 323 3250 29.
343 3228 377 3238 -
413 3196 439 3248 3.
455 3208 503 3260 pro
527 3194 710 3264 llollwegiano
730 3213 756 3249 r.
783 3205 927 3266 oneprosa,
961 3202 1202 3323 pruniacensem
1223 3203 1600 3270 parumverumpraeberot,
1626 3203 1785 3271 boctlngtns
1811 3208 1936 3281 composa

277 3334 313 3389 30
399 3332 431 3385 ¹8
458 3262 550 3329 dedit,
566 3267 637 3386 gurgo
653 3269 735 3336 magis
755 3275 784 3320 ot
801 3271 948 3322 sententiae
976 3275 1017 3325 oci
1035 3281 1063 3326 et
1080 3272 1179 3325 codicis
1199 3274 1346 3342 scripturae
1362 3272 1512 3340 respondet.

189 3367 225 3380 ..
316 3364 378 3385 .-
434 3348 646 3405 ‚ponepers

187 3438 222 3450 ..
275 3404 320 3456 31.
339 3435 374 3446 -
393 3403 437 3455 27.
457 3418 560 3471 eppone
578 3420 713 3459 numemm
733 3405 784 3473 20,
803 3408 848 3478 qni
866 3411 1033 3478 praecedenti
1055 3413 1142 3466 versui
1159 3427 1296 3484 perperam
1313 3411 1458 3482 adscriptus
1485 3406 1532 3465 est]

187 3473 526 3527 ..32.-18.-
627 3507 850 3522 ---.
939 3512 974 3524 ..
1076 3513 1112 3526 ...
1218 3513 1252 3527 ..
1362 3515 1396 3528 ..
1487 3510 1521 3525 ...

186 3577 222 3590 ..
274 3544 320 3598 36.
340 3575 375 3587 -
395 3542 438 3594 21.
477 3559 546 3610 pone
581 3547 716 3614 provincia
733 3548 791 3620 ..Ι
800 3576 1061 3603 ------

188 3647 223 3660 ..
274 3615 319 3668 42.
340 3646 375 3657 -
412 3612 507 3667 tero.
528 3630 596 3683 pone
632 3615 756 3669 cbartulis

188 3717 223 3729 -
277 3685 321 3737 ta.
341 3715 375 3725 -
396 3682 439 3734 23.
460 3698 530 3751 pone
566 3690 760 3754 possessionem

191 3787 225 3799 ..
277 3755 320 3807 54.
339 3787 371 3798 -
391 3752 436 3805 30.
472 3785 507 3795 -
561 3758 644 3808 toniui
667 3758 673 3829 Ι
695 3755 895 3831 significatum!
1043 3761 1054 3827 Ι

186 3857 219 3868 -
274 3824 317 3876 50.
336 3855 370 3867 -
392 3824 434 3874 st.
452 3824 535 3875 codex
552 3826 632 3879 babet
667 3827 813 3894 apstineadi

186 3929 218 3942 -
274 3894 317 3947 69.
338 3924 373 3936 -
389 3891 433 3945 32.
451 3908 521 3959 pone
556 3897 620 3949 Set

184 3997 220 4010 ..
273 3965 325 4016 ts:
337 3966 364 4015 in
381 3965 498 4031 margine
514 3980 637 4018 numerus
654 3965 671 4018 5
689 3980 768 4018 unum
785 3981 877 4031 versus
894 3967 971 4021 altius
994 3971 1131 4038 ponendus
1150 3981 1197 4024 ost.

187 4067 222 4081 ...
274 4035 317 4090 81.
334 4033 364 4098 nl.
389 4032 433 4088 28.
451 4046 555 4101 appone
574 4051 709 4088 numerum
731 4037 763 4088 15

186 4140 219 4153 -
272 4105 654 4173 84.-11.ponsssciunat

186 4208 220 4220 -
273 4175 369 4228 87.-
390 4175 432 4227 11.
467 4204 503 4215 -
555 4176 785 4229 rrosraosrrrrs‘i

184 4278 220 4291 ...
271 4245 316 4297 89.
335 4276 369 4287 -
390 4245 433 4295 22.
454 4259 557 4312 appone
576 4261 711 4299 numerum
732 4247 784 4311 20,
803 4247 847 4314 qui
867 4248 901 4301 ad
920 4263 975 4317 seq.
996 4249 1024 4314 Ῠ.
1043 4248 1166 4318 delapsus
1187 4254 1234 4301 est.

185 4346 220 4358 -
272 4315 315 4367 90.
336 4346 370 4356 -
389 4314 433 4367 33.
452 4313 512 4366 dele
529 4316 625 4368 lineam
642 4325 703 4367 ante
721 4331 747 4368 a.
766 4325 876 4370 teuctm.
1056 4346 1061 4353 ·

185 4417 220 4428 -
258 4384 522 4450 101.-16.pone
557 4386 715 4439 commiserit

187 4503 222 4514 -
262 4471 319 4524 130.
338 4470 371 4523 ad
387 4471 530 4537 marginem
551 4485 622 4539 poue
656 4464 729 4594 1233
807 4482 811 4493 ·
