4560 6562
501 534 837 613 annianus
888 508 1157 615 noemae
1205 537 1473 616 sacroru
1522 542 1556 616 s.

40 820 42 824 .
132 727 227 834 Cum
245 773 280 827 ab
298 776 397 830 iuvene
410 777 624 840 litteratissime,
644 776 705 834 i-c.
718 774 898 845 Bluntschlio,
916 775 1027 846 Ulpiani
1047 778 1259 849 fragmentorum
1274 781 1502 850 recognitionem,
1519 779 1632 835 hortatu
1651 780 1734 835 amici
1747 779 1923 856 collegaeque

130 869 201 926 mibi
221 870 454 953 coniunctissimi,
473 871 594 925 Eduardi
605 872 729 942 Puggaci,
747 872 800 923 iam
819 871 926 941 pridem
944 873 1129 940 elaboratam,
1148 883 1296 947 antequam
1315 875 1345 928 in
1363 876 1453 930 lucem
1469 891 1503 928 ea
1519 874 1660 945 prodiret,
1680 875 1771 930 denno
1791 892 1922 948 recogno-

128 964 226 1018 scendi
244 979 310 1017 cura
329 967 398 1018 mibi
415 965 645 1029 demandaretur,
669 982 727 1019 cam
747 967 777 1018 in
797 982 842 1017 me
858 963 977 1031 iubens,
1004 969 1137 1038 quoniam
1157 968 1305 1040 Ulpianum
1331 969 1413 1022 unice
1435 967 1540 1037 diligo,
1563 969 1681 1040 suscepi.
1717 971 1819 1023 Eorum
1836 971 1923 1039 igitur

127 1056 316 1112 subsidiorum
327 1075 396 1128 ope,
415 1072 517 1130 quasa
531 1059 598 1114 viris
612 1057 699 1111 doctis
718 1066 747 1109 ct
767 1058 883 1110 maxime
902 1058 1003 1115 Futd.
1016 1058 1179 1128 Schlllingio
1198 1064 1209 1094 ¹
1233 1076 1322 1131 nuper
1341 1069 1436 1132 parata
1456 1062 1922 1136 erant,iunct1smcisqualibns·

127 1166 246 1222 musque
267 1149 527 1215 emendationibus,
553 1166 668 1204 aureum
681 1151 794 1221 Ulpiani
812 1149 914 1202 librum
932 1151 1097 1223 singularem
1115 1152 1284 1223 regularum,
1310 1153 1444 1225 quicquid
1471 1152 1531 1206 eius
1559 1153 1642 1206 uobis
1659 1162 1800 1224 superest,
1824 1171 1919 1210 emen·

126 1242 239 1297 daturus
256 1243 328 1302 banc
345 1245 413 1297 milri
432 1244 527 1315 scripsi
546 1245 653 1313 legem,
670 1251 702 1296 ut
720 1245 821 1297 evitato
839 1245 1043 1312 superstitionis
1070 1250 1139 1301 vitio
1169 1249 1374 1317 religiosissime
1398 1249 1564 1302 Vaticanum
1587 1247 1709 1300 codicem
1732 1249 1745 1282 ²
1772 1264 1919 1320 sequerer,

123 1354 218 1410 neque
228 1377 237 1404 ,
256 1340 332 1410 quod
349 1338 463 1410 quidem
481 1347 652 1392 momentum
669 1336 799 1400 haberet,
817 1339 966 1407 quicquam
979 1347 1128 1403 mutarem,
1146 1339 1199 1391 nisi
1219 1341 1325 1392 monito
1344 1357 1395 1409 per
1412 1341 1620 1394 annotationem
1640 1339 1754 1395 lectore.
1788 1342 1830 1395 lia
1847 1343 1917 1397 mels

123 1438 217 1485 autem
236 1434 308 1484 curis
325 1432 476 1501 proiectam
495 1433 721 1492 annotationem,
745 1446 829 1501 quam
848 1430 971 1481 instituti
988 1433 1075 1484 nostri
1092 1433 1164 1484 ratio
1182 1433 1263 1483 arctis
1282 1433 1385 1484 finibus
1410 1433 1570 1498 coercebat,
1597 1433 1675 1486 uncis
1701 1432 1838 1504 angulatis
1859 1433 1919 1489 iera

123 1539 233 1579 omnem
258 1524 376 1590 inclusi,
397 1524 482 1582 utab
499 1539 549 1588 ca,
579 1540 660 1595 quam
690 1520 877 1574 liluntschlius
903 1525 1117 1594 conscripserat,
1138 1524 1248 1576 facilius
1275 1523 1481 1593 dignosceretur
1505 1525 1522 1575 ⁸.
1573 1525 1618 1578 Do
1647 1527 1782 1597 scriptura
1790 1564 1800 1591 ,
1834 1538 1919 1600 quam

121 1622 230 1675 uatum
246 1626 361 1682 vocant,
379 1619 409 1670 in
426 1619 584 1673 nniversam
599 1618 652 1670 hoc
668 1615 902 1686 praemonendum
919 1613 1029 1680 babeo,
1049 1615 1251 1670 iiluntsehlium
1267 1632 1317 1685 per
1336 1620 1428 1670 omnia
1446 1632 1470 1672 v.
1482 1618 1523 1676 ili,
1533 1619 1655 1688 lingonis
1666 1623 1792 1688 quartam
1803 1620 1918 1691 Ulpiani

122 1710 277 1766 editionem
293 1718 453 1765 secuturum
470 1711 572 1775 inisse,
589 1709 644 1763 nisi
662 1709 712 1762 ubi
728 1724 759 1761 sc
779 1707 862 1761 aliter
882 1705 980 1760 iecisse
1001 1710 1032 1762 in
1049 1711 1183 1764 subiectis
1203 1712 1404 1766 commentariis
1420 1718 1553 1768 moneret
1589 1710 1674 1782 Quod
1691 1727 1753 1765 cnm
1771 1713 1810 1765 ita
1828 1720 1916 1780 esset,

121 1805 204 1881 algam
223 1806 346 1859 instituti
364 1805 420 1860 mel
438 1808 573 1858 rationem
592 1805 672 1877 sequi
690 1804 778 1856 visum
797 1807 848 1856 est.
883 1801 968 1854 Uareia
986 1802 1027 1873 []
1047 1803 1147 1857 inclusi
1166 1812 1215 1857 aut
1232 1818 1304 1876 quae
1322 1803 1410 1886 codgx
1425 1803 1563 1870 babebat,
1588 1821 1651 1859 cam
1669 1807 1770 1860 omissa
1786 1821 1846 1861 esse
1863 1805 1917 1860 de·

116 1898 239 1966 beraut,
266 1906 316 1955 ant
332 1898 493 1966 omittebat,
518 1914 578 1952 cum
596 1897 701 1951 habere
718 1895 847 1950 deberet:
872 1894 922 1949 sed
947 1895 1015 1950 baec
1036 1896 1149 1967 quidem
1169 1897 1273 1950 Italicis
1297 1897 1416 1963 litteris,
1441 1913 1509 1970 quas
1533 1901 1652 1952 cursitat
1680 1900 1794 1963 dicunt,·
1816 1899 1915 1954 erectis

121 1998 214 2047 antem
231 1994 290 2048 siue
307 1993 430 2064 antiquis
449 1992 497 2044 illa
512 1991 630 2060 exprimi
647 1991 749 2047 curavi.
767 1989 799 2041 ln
817 1989 977 2042 lacunarum
994 2006 1011 2041 a
1030 1989 1145 2044 librario
1169 2002 1227 2043 non
1259 1990 1461 2060 designatarum
1472 2049 1473 2053 ,
1485 1991 1658 2047 indicatione
1675 1993 1837 2064 lingonens,
1864 1991 1916 2064 qui

120 2084 159 2138 ad
175 2084 248 2139 me
265 2099 323 2137 rem
343 2085 471 2155 pluribus
488 2084 624 2139 asteriscis
644 2099 710 2137 usus
730 2090 788 2146 est,
805 2088 914 2134 secutus
930 2097 1008 2150 sumg
1040 2081 1113 2135 idem
1134 2082 1210 2155 quod
1229 2083 1258 2136 in
1279 2080 1481 2152 distinguendis
1498 2100 1611 2156 quoque
1630 2085 1739 2156 aliquot
1756 2083 1914 2156 capitibus,

120 2193 240 2253 qnorum
260 2177 387 2233 rubricae
405 2178 542 2233 interiisse
560 2178 743 2241 videbantur,
765 2174 922 2230 iaciendum
943 2191 1003 2229 esse
1019 2177 1133 2239 censui,
1149 2181 1182 2229 ut
1198 2175 1252 2227 ism
1269 2181 1401 2245 appareat
1417 2173 1488 2246 quid
1504 2173 1561 2228 sibl
1576 2176 1667 2233 velint
1683 2177 1823 2241 lineolae,
1841 2192 1916 2248 quae

119 2271 167 2326 bic
186 2273 246 2326 iilic
262 2272 407 2325 continuos
424 2270 655 2342 paragraphorum
673 2285 802 2325 numeros
821 2271 1005 2339 distinguunt.
1024 2274 1053 2319 at
1070 2265 1120 2319 ubl
1136 2266 1182 2322 sel
1204 2281 1288 2319 unam
1315 2264 1418 2318 codicis
1441 2266 1561 2319 litteram
1579 2269 1624 2319 sel
1647 2270 1734 2321 etiam
1754 2268 1848 2338 plnres
1865 2273 1916 2322 ans

119 2363 216 2419 addidi
233 2372 280 2420 ant
297 2366 400 2417 mutavi
414 2401 423 2429 ,
446 2370 478 2415 ut
495 2365 573 2417 uncis
591 2378 650 2417 eam
670 2379 750 2417 casso
767 2378 803 2414 ne
821 2361 1058 2431 circumsepirem,
1074 2359 1239 2429 simpliciter
1255 2361 1370 2416 cursivis
1389 2358 1543 2413 litterarum
1561 2357 1656 2413 iornds
1671 2374 1737 2414 usus
1752 2376 1826 2416 snm:
1845 2375 1915 2433 qna·

119 2476 181 2515 rum
197 2473 261 2512 vero
279 2473 316 2511 ue
334 2459 422 2511 nimia
438 2457 573 2512 varietate
591 2455 704 2509 libellus
722 2455 939 2519 deformaretur,
957 2466 1049 2524 neque
1069 2467 1164 2507 omnes
1181 2451 1305 2525 ubique,
1330 2466 1399 2523 quas
1415 2448 1502 2505 codex
1519 2452 1578 2505 iere
1596 2458 1753 2521 permutare
1771 2451 1843 2506 roim
1859 2452 1915 2506 lli·

117 2557 207 2613 teras,
225 2547 277 2620 (ut
293 2554 359 2602 sunt
376 2565 391 2603 s
410 2556 439 2603 et
455 2548 487 2612 i,
504 2564 524 2600 ιι
539 2555 568 2602 st
586 2565 624 2611 o,
639 2563 660 2599 sc
678 2554 707 2600 ct
722 2564 736 2598 s
753 2546 784 2598 in
801 2561 867 2601 soce
885 2545 951 2608 dos,
968 2544 1041 2610 doe,
1059 2545 1169 2616 aliaque
1185 2544 1215 2598 ld
1236 2560 1336 2616 genus,
1354 2557 1426 2615 quae
1444 2542 1551 2596 nuliius
1569 2545 1704 2596 momenti
1723 2543 1805 2616 suut)
1826 2543 1912 2600 variis

115 2641 210 2714 liguria
228 2640 420 2704 distinximus,
450 2654 543 2713 neque
564 2639 693 2691 lectorem
710 2639 746 2691 de
763 2637 879 2706 singulis
904 2637 1041 2690 eiusmodi
1069 2637 1309 2693 uendadonibus
1333 2637 1514 2692 annotatione
1537 2636 1784 2707 interpellavimus.
1820 2638 1912 2692 latea-

113 2733 256 2806 pungendi
275 2740 365 2786 meam¹
378 2731 447 2784 milri
465 2731 577 2800 permisi
595 2729 748 2797 rationem,
772 2731 803 2783 in
821 2726 1015 2800 orthographia
1033 2745 1097 2786 vero
1118 2736 1322 2805 quampriores
1340 2732 1463 2785 editores
1481 2737 1510 2782 et
1533 2730 1594 2800 lpse
1613 2728 1727 2802 quidem
1744 2731 1842 2800 lingo,
1866 2729 1912 2787 tir

115 2831 239 2879 ceterum
254 2827 300 2880 aei
317 2827 348 2878 lu
366 2824 401 2877 iis
421 2822 520 2886 rebus,
546 2840 615 2895 quaa
635 2838 693 2877 non
712 2824 773 2875 siue
791 2821 891 2876 damno
909 2822 997 2876 multo
1014 2827 1131 2879 maxima
1149 2841 1212 2897 pars
1232 2824 1377 2880 bominum
1395 2823 1533 2894 negligere
1551 2829 1770 2893 consueverunt,
1799 2838 1912 2878 arcura·

113 2918 251 2990 tissimus,
271 2918 327 2972 sibi
344 2925 516 2989 sumpserant
533 2916 674 2970 licentiam
693 2917 874 2988 respuendam
892 2930 951 2970 csse
969 2918 1081 2981 censui,
1100 2916 1188 2986 ipsius
1206 2916 1329 2982 codicis,
1347 2916 1440 2987 quoad
1460 2916 1520 2969 fieri
1539 2917 1646 2988 potuit,
1663 2915 1804 2974 scribendi
1820 2916 1909 2974 ratio⁴

114 3028 178 3067 nem
197 3019 317 3066 secutus.

184 3103 241 3157 Iam
259 3100 328 3158 boni
345 3102 428 3159 velim
446 3101 590 3167 consulas,
615 3101 722 3166 lector,
739 3109 855 3155 conatus
872 3108 981 3155 nostros
1001 3108 1031 3155 et
1045 3098 1146 3156 valeus.

219 3340 228 3370 ¹
259 3333 533 3388 Animadversionnm
552 3292 708 3386 criticumm
726 3331 760 3384 ad
779 3331 890 3401 Ulpiani
910 3330 1061 3400 fragmenta
1078 3330 1217 3398 specimen
1235 3333 1258 3387 i.
1275 3329 1313 3387 ll.
1333 3331 1365 3385 Li
1387 3348 1407 3387 s.
1432 3335 1506 3389 ruso.
1526 3335 1569 3388 ⁸⁰.

216 3406 228 3439 ²
259 3403 352 3456 Codex
369 3406 526 3457 clncxnvsrr.
543 3403 732 3455 bibliothecae
759 3405 871 3470 reginae
889 3400 1048 3454 christinae
1066 3402 1231 3467 vaticanae,
1260 3403 1310 3474 qui
1326 3418 1344 3453 a
1361 3349 1423 3456 duit
1442 3421 1500 3462 cxc.
1522 3419 1617 3458 aversa
1643 3404 1744 3476 pagina
1762 3409 1903 3480 usquead

111 3475 175 3531 i'olii
194 3490 257 3530 cerr.
276 3488 396 3525 aversam
416 3475 543 3543 paginam
564 3473 675 3542 Ulpiani
696 3471 848 3540 fragmenta
867 3471 1001 3526 continet.

217 3543 240 3614 ¹)
260 3543 355 3595 Liceat
373 3542 425 3594 hoc
445 3544 505 3595 ioco
524 3549 658 3595 annotare
681 3543 830 3610 Pegasum
855 3539 974 3592 edidisse
996 3539 1264 3602 commentariolum,
1292 3557 1347 3610 quo
1375 3557 1468 3594 vocem
1486 3543 1616 3598 Caesaris
1638 3545 1669 3598 in
1688 3546 1751 3614 Uip.
1771 3547 1791 3600 l.
1816 3549 1841 3616 ς.
1861 3565 1903 3604 aa.

111 3611 260 3667 defendere
278 3620 391 3665 conatus
410 3619 465 3676 cst3
494 3628 566 3681 quae
593 3607 706 3682 quidem
733 3559 857 3663 defensio
885 3609 973 3660 multo
998 3611 1087 3662 minus
1105 3609 1174 3661 mibi
1196 3609 1350 3678 probabilia
1369 3628 1428 3662 esse
1448 3612 1557 3664 videtur
1583 3631 1685 3683 ,quam
1707 3617 1830 3669 eiusdem
1849 3618 1902 3671 viri

111 3684 267 3738 contactum
285 3681 320 3737 de
340 3683 400 3736 loco
418 3682 479 3750 Uip.
491 3681 511 3733 i.
530 3682 554 3749 ς.
567 3697 606 3749 7..
625 3697 707 3750 quem
725 3679 761 3731 ab
782 3680 864 3739 initio
881 3679 921 3730 ita
937 3677 1068 3730 babuisse
1090 3687 1200 3750 putata,
1214 3678 1292 3750 apud
1306 3683 1499 3752 magistratum
1522 3695 1733 3754 potestatemve,
1750 3687 1827 3741 volut
1848 3696 1902 3748 etc.

249 3807 406 3860 scribebam
425 3808 536 3890 Bonnue
552 3806 587 3857 ad
606 3805 728 3857 lihennm
748 3820 772 3862 a.
790 3803 818 3863 d.
836 3804 882 3856 W.
903 3805 963 3860 Kal.
983 3800 1064 3856 Febr.

354 3893 420 3946 anni
439 3890 636 3945 clslocccxaas.

877 4058 1102 4077 fl*

575 4224 1412 4337 uonsnnu‘nxr‘nscsnro.

520 4457 566 4526 lig.
650 4482 684 4508 =
703 4450 833 4520 Bdoling.

520 4551 559 4604 si.
649 4563 684 4591 =
700 4546 862 4602 iiluntacisil.

519 4647 551 4701 c.
647 4658 681 4685 =
700 4640 961 4694 Codchaticanus.
982 4638 1035 4708 (ci.
1055 4633 1141 4709 praes,
1154 4640 1213 4689 not·
1228 4634 1251 4705 ²)

520 4736 581 4792 Cui.
646 4751 680 4778 =
700 4735 837 4791 Cniacius.
1086 4743 1089 4749 “

518 4831 554 4887 Η.
646 4848 680 4877 =
698 4829 786 4898 Ilugo.

514 4922 611 4977 liollss.
644 4953 677 4985 μ
694 4918 1002 4990 iicthmann·liollsreg.

514 5015 619 5071 Massa.
644 5046 679 5075 .-..-
696 5017 836 5070 Mareaoll.

407 5117 409 5120 ⁴
515 5111 611 5170 Scirill
644 5139 679 5168 =a
697 5110 770 5164 Frui
788 5111 838 5167 Ad.
855 5108 998 5180 Sebiliiug.

515 5203 620 5259 Schult.
643 5221 678 5248 =
699 5203 850 5276 Scbnltlng

635 5299 734 5353 Cetera
755 5301 832 5372 signa
853 5315 903 5370 per
920 5314 949 5352 se
966 5295 1031 5350 satis
1048 5298 1115 5348 nota
1131 5295 1205 5350 sunt.

855 5467 1088 5487 ω
