4560 6562
840 396 1133 475 PRAEFATIO·
1810 416 1880 484 235
1930 440 1936 452 ⁴

92 597 199 665 scripto
220 573 402 648 bibliothecae
420 590 583 664 pontificiae
607 590 766 646 Vaticanus
787 602 904 645 curante
922 593 1029 661 Angeia
1046 590 1138 653 Maio,
1155 588 1219 644 titt.
1237 591 1322 644 eiusd.
1342 595 1491 665 praeficta.
1509 595 1622 660 Romae,
1646 599 1719 653 1823.
1730 600 1752 663 ⁶,
1772 603 1799 651 in
1822 619 1876 671 qua
1889 624 1902 637 .

93 691 219 744 editione
238 688 267 738 ld
285 685 483 756 quummaxime
504 700 533 735 se
555 685 642 752 egisse
661 683 801 744 declarat,
829 689 862 734 ut
878 683 1024 749 imaginem
1041 682 1130 734 veluti
1149 682 1272 735 restituti
1291 684 1394 737 codicis
1409 685 1561 740 exhiberet.
1605 687 1723 743 Multum
1745 706 1808 744 reru
1825 693 1877 743 ab·

92 791 151 843 err,
179 781 247 852 quin
273 779 324 829 hac
350 778 379 829 in
403 791 432 827 re
460 791 518 828 eam
539 776 711 845 praestiterit
740 773 934 844 dillpentiam,
969 788 1052 843 qaam
1079 772 1268 828 Goescbenias
1285 790 1392 830 summo
1410 788 1564 834 nostrarum
1582 783 1734 838 litterarum
1754 785 1828 838 bono
1848 786 1878 837 in

93 874 163 926 Gaio
183 872 291 925 edendo
311 870 448 924 adhibuit.
494 870 580 933 Nam,
609 870 710 922 utalia
727 877 855 934 taceam,
881 867 1029 937 siglamm,
1059 883 1131 939 quae
1149 871 1253 925 multae
1271 877 1338 927 sunt
1355 874 1517 942 inpudice,
1535 878 1591 930 suis
1611 879 1680 932 locis
1698 877 1876 932 lerenullam

93 967 263 1020 mentionem
283 965 356 1018 iecit.
401 964 458 1017 Sub
480 964 553 1017 idem
573 964 631 1015 iere
649 969 772 1033 tempus,
798 976 854 1033 quo
873 963 974 1014 llomae
991 959 1065 1013 liber
1084 961 1231 1030 ederafflr,
1255 965 1365 1019 Parlslls
1387 969 1487 1033 etlam,
1512 972 1593 1024 senia
1613 989 1629 1025 a
1646 972 1721 1027 blaio
1739 989 1796 1028 non
1815 976 1876 1030 sine

91 1062 184 1132 pretio
201 1061 355 1130 impetrata,
375 1076 485 1112 recusus
503 1064 577 1122 est'3
596 1060 719 1127 itemque
740 1057 889 1120 Berollni⁸‚
907 1056 1012 1109 slliflil
1023 1057 1150 1111 *mim
1167 1057 1293 1125 ¹¹0l¹⁸i¹¹l
1310 1061 1390 1115 ⁰⁰5¹st
1407 1064 1491 1116 ‘iim
1508 1064 1623 1120 fumifl'
1643 1069 1696 1122 'ili
1712 1072 1817 1125 ⁸⁰⁰i⁰f
1848 1079 1876 1127 ¹⁸

93 1157 274 1217 factumest,
302 1160 334 1204 ut
361 1169 394 1204 er
420 1151 562 1204 Germanis
586 1150 790 1201 iurisconsultis
809 1148 934 1202 etmulti
953 1153 981 1200 et
999 1150 1110 1202 maximi
1136 1150 1344 1206 emendationes
1360 1161 1445 1225 atque
1462 1159 1652 1228 supplementa
1670 1162 1723 1231 ipsi
1739 1165 1810 1216 mise
1836 1171 1877 1227 nt,

96 1248 199 1318 quibus
219 1262 289 1300 nora
305 1246 392 1298 editio
411 1246 568 1315 castigatius
587 1250 615 1295 ct
632 1244 741 1314 plenius
760 1249 907 1313 pararetur.
941 1242 1020 1313 Quae
1040 1258 1102 1296 cura
1119 1245 1195 1312 r.·cl.
1214 1245 1330 1299 Klenaiu
1349 1248 1476 1304 mandata
1494 1258 1545 1313 est,
1569 1253 1618 1306 sed
1637 1263 1785 1327 antequam
1805 1274 1874 1327 opus

92 1340 188 1408 perlici
208 1343 314 1408 potuit,
335 1338 529 1391 liuclrholtzius
548 1337 649 1389 librum
668 1352 702 1388 ex
720 1353 769 1389 sua
787 1337 873 1406 ipsius
892 1343 919 1388 et
939 1336 1055 1389 aliorum
1078 1339 1220 1391 doctorum
1237 1341 1357 1395 virorum
1378 1360 1451 1412 penu
1472 1353 1582 1400 auctam
1601 1357 1631 1402 et
1659 1352 1874 1407 „commentario

93 1440 153 1485 tum
171 1435 267 1486 critico
285 1442 343 1487 turn
363 1434 531 1503 exegetico”
563 1434 726 1486 instructum
753 1431 872 1488 ediditi.
916 1431 958 1483 Ita
984 1430 1114 1485 deflorato
1135 1433 1212 1504 quasi
1233 1433 1327 1489 labore
1344 1437 1488 1491 iliensium
1510 1439 1600 1494 adhue
1618 1441 1738 1496 edltioui
1756 1459 1785 1495 sc
1804 1445 1874 1496 sub·

93 1529 207 1581 traxisse
227 1527 343 1580 mullum
360 1527 509 1579 dolendum
528 1532 579 1579 cst.

198 1620 268 1672 Cum
288 1636 338 1673 nos
356 1618 507 1672 editionem
525 1631 764 1686 praepararemus,
792 1623 857 1670 ante
875 1617 968 1671 omnia
986 1615 1162 1686 sperabamus
1180 1619 1258 1685 iore,
1284 1627 1317 1674 ut
1340 1621 1427 1691 ipsius
1446 1624 1548 1676 codicis
1566 1623 1693 1681 Vaticani
1710 1629 1803 1684 denuo
1826 1635 1873 1685 in·
1915 1662 1918 1668 ·

93 1714 229 1785 spiciendi
250 1719 335 1784 atque
354 1712 514 1766 conserendi
533 1712 612 1780 copia
631 1711 713 1764 nobis
732 1711 826 1776 fieret,
843 1711 873 1764 id
890 1710 964 1781 qnod
985 1711 1097 1764 fortuna
1116 1709 1197 1762 nobis
1215 1709 1324 1763 inridit.
1361 1713 1498 1766 Utendum
1517 1717 1601 1783 igitur
1618 1726 1676 1771 erat
1690 1723 1723 1772 iis
1733 1722 1874 1787 subsidiis,

94 1825 166 1880 quac
185 1806 274 1860 liuius
293 1807 366 1876 ipse,
385 1823 513 1879 quaeque
529 1814 614 1860 notae
631 1823 713 1858 manu
732 1805 849 1875 scriptae
866 1805 986 1857 virorum
1005 1803 1165 1866 doctorum,
1186 1820 1202 1855 a
1221 1804 1338 1858 Klenaio
1359 1805 1514 1862 liberaliter
1530 1813 1674 1866 nobiscum
1693 1817 1874 1869 communica·

95 1910 159 1964 tae,
185 1902 389 1971 praestiterunt
429 1900 549 1954 Nomina
567 1916 661 1955 eorum
681 1907 759 1952 sunt:
788 1898 944 1953 Barkowius
955 1902 986 1961 ¹⁰,
1017 1897 1186 1960 Blumins¹²,
1213 1896 1394 1965 Dirksenius,
1416 1903 1444 1953 b.
1464 1904 1627 1957 llauboldus
1640 1909 1677 1970 ¹²,
1704 1909 1873 1974 Kellerus¹³,

93 1997 242 2060 Klenzius,
274 1994 548 2057 Mucblenbruchius,
570 1992 764 2057 lludorffius¹⁸,
790 1993 923 2046 Sarinius.
961 1991 1158 2044 Aliarirorum
1176 1992 1326 2047 illustrium
1343 1995 1520 2060 b.Hassii¹⁵,
1538 1999 1728 2069 Schraderi¹⁸,
1746 2008 1772 2058 b.
1789 2009 1874 2061 ch·

95 2091 151 2145 ckti
164 2096 196 2154 ιτ,
216 2090 342 2152 aliorum,
360 2089 426 2142 libri
445 2087 701 2158 suppeditaverunt.
736 2090 768 2141 ln
779 2085 937 2141 adornanda
953 2098 1018 2137 vero
1037 2085 1161 2137 editione
1180 2086 1208 2138 id
1230 2090 1345 2156 egimus,
1364 2096 1420 2141 tum
1439 2099 1470 2143 ut
1488 2085 1597 2145 codicis'
1610 2095 1738 2151 Vaticani
1756 2102 1876 2170 scriptu-

93 2201 152 2238 ram
171 2200 297 2240 necnon
317 2183 384 2234 Maii
404 2183 558 2252 exemplum
578 2181 699 2234 lidcliter
715 2188 996 2250 repraesentaremus,
1019 2187 1077 2230 tum
1096 2187 1128 2233 ut
1144 2179 1285 2234 studiosae
1303 2183 1455 2238 iuventutis
1474 2193 1558 2256 atque
1581 2188 1736 2244 scholarum
1754 2196 1817 2246 usui
1837 2195 1877 2246 li·

94 2281 198 2332 bellum
220 2276 493 2332 accommodaremus.
532 2278 628 2346 itaque
650 2276 820 2328 coniecturas
837 2273 1043 2327 verisimiliores
1061 2274 1223 2337 contextui,
1247 2275 1296 2328 sed
1316 2276 1418 2331 litteris
1436 2281 1549 2335 cursivis
1567 2281 1728 2348 distinctas,
1759 2287 1879 2342 inserui·

97 2389 171 2435 mus,
190 2380 288 2442 atque,
307 2371 355 2423 ubi
376 2370 461 2423 codex
479 2369 599 2441 spatium
619 2368 728 2421 nullum
745 2368 914 2438 praebebat,
941 2367 1020 2420 uncis
1049 2368 1229 2437 inclusimus3
1255 2373 1343 2442 ipsius
1363 2389 1427 2427 aero
1446 2373 1549 2429 codicis
1563 2385 1611 2432 aut
1630 2378 1698 2431 Maii
1717 2380 1878 2452 scripturam

97 2469 126 2517 in
142 2466 323 2520 annotatione
343 2465 470 2534 religiose
488 2463 682 2516 indicarimus.
719 2461 772 2514 Ubi
791 2461 905 2514 verbum
926 2460 1126 2514 eliminandum
1143 2463 1309 2529 ridebatur,
1334 2465 1365 2518 id
1389 2470 1555 2539 quoquein
1575 2464 1782 2527 annotationem
1799 2475 1880 2529 eble-

98 2561 232 2628 garimus,
253 2566 301 2610 aut
314 2559 393 2611 uncis
409 2557 542 2627 appositis
559 2558 724 2608 notavimus.
760 2555 872 2624 Paginas
891 2563 923 2605 ut
945 2555 974 2608 in
995 2555 1064 2607 Gaio
1083 2563 1113 2609 et
1131 2557 1249 2625 Ulpiano
1268 2560 1487 2627 numeravimus3
1509 2563 1728 2618 membranarum
1752 2580 1818 2619 sero
1837 2568 1881 2620 in·

97 2654 215 2706 cisioucs
235 2669 422 2721 numerosque
439 2651 635 2703 versiculorum
655 2650 805 2700 omisimus.
842 2646 963 2700 librarii
980 2647 1121 2700 scribendi
1138 2651 1209 2702 ratio
1228 2650 1277 2702 ubi
1297 2667 1389 2720 neque
1404 2652 1487 2721 plane
1503 2664 1631 2725 corrupta
1642 2656 1808 2723 ridebatur,
1827 2677 1881 2713 ne-

96 2764 151 2815 quc
171 2744 325 2798 intellectui
348 2744 549 2812 impedimento
572 2749 630 2794 erut
641 2779 649 2804 ,
668 2749 774 2793 serrata
794 2747 844 2797 est.
880 2741 920 2792 lta
937 2755 961 2790 s.
975 2757 997 2793 c
1018 2755 1079 2791 cum
1097 2738 1193 2792 codiee
1212 2740 1308 2808 scripsi
1327 2743 1470 2813 conpleri,
1491 2745 1646 2816 adprobari
1653 2790 1664 2815 ,
1680 2754 1877 2823 praescribtio,

98 2843 216 2898 iniciet,
237 2838 359 2898 subicit,
379 2837 579 2912 centensimus,
596 2836 737 2903 querellas
756 2842 784 2886 ct
805 2833 866 2885 alia.
903 2850 960 2886 non
980 2831 1121 2885 admonito
1141 2831 1245 2886 lectore
1261 2836 1368 2887 correxi
1387 2836 1489 2890 codicis
1500 2840 1678 2911 scripturam,
1696 2846 1745 2898 ubl
1762 2861 1777 2900 e
1795 2855 1824 2900 et
1835 2864 1879 2911 ue,

96 2932 117 2984 ,1
137 2938 165 2981 er
185 2943 196 2980 r
215 2930 284 2981 salso
307 2935 478 2998 permutatae
499 2936 604 2991 essent3
623 2929 818 2997 aspirationem
838 2926 884 2988 (lt)
904 2923 985 2975 omisi
999 2924 1029 2974 in
1044 2922 1242 2987 houendatur,
1260 2925 1416 2990 exbimere,
1437 2929 1563 2997 honere,
1581 2933 1704 3000 hisdem,
1724 2938 1788 3001 iii,
1808 2956 1874 3010 sup·

95 3021 169 3087 plevi
189 3019 217 3071 in
234 3032 364 3080 actenus,
389 3018 443 3069 alia
463 3018 604 3070 eiusmodi.
646 3018 773 3088 Titulos,
800 3033 870 3087 quos
888 3016 976 3069 codex
995 3017 1024 3068 in
1042 3014 1154 3066 summis
1171 3016 1334 3084 paginarum
1353 3018 1408 3071 oris
1428 3021 1558 3088 exhibet,
1584 3026 1730 3098 ipsamque
1746 3032 1878 3099 partitio·

95 3127 157 3164 nem
174 3121 203 3164 et
222 3113 347 3166 ordinem
367 3129 401 3164 ex
419 3113 486 3163 blaii
506 3113 632 3181 exemplo
651 3112 763 3162 retinui.
800 3109 1032 3181 Paragraphorum
1054 3107 1148 3177 signis,
1165 3114 1198 3160 ut
1214 3109 1244 3160 in
1262 3109 1435 3165 Beroliuensi
1452 3115 1624 3185 exemplari,
1652 3121 1774 3190 singulus
1800 3124 1875 3178 locos

96 3207 225 3269 distinxi,
251 3219 322 3277 quae
340 3212 431 3257 tamen
448 3205 526 3272 signa
546 3201 749 3271 transponenda
775 3210 854 3256 erant
880 3203 909 3255 in
925 3201 962 3274 §§.
983 3202 1025 3270 74.
1045 3201 1087 3267 7⁵·
1107 3206 1136 3250 et
1153 3201 1196 3269 87.
1216 3199 1302 3255 Locos
1323 3201 1460 3274 denique,
1481 3207 1530 3277 qui
1548 3207 1578 3260 in
1598 3209 1660 3262 aliis
1678 3228 1790 3284 quoque
1810 3215 1879 3269 iuris

96 3300 281 3354 monumentis
297 3299 506 3362 invenirentur,
533 3313 588 3351 non
607 3298 695 3352 solum
713 3296 856 3361 indicavi,
886 3295 935 3348 scd
953 3297 1037 3350 etiam
1050 3292 1136 3347 verba
1154 3300 1267 3358 eurum,
1285 3310 1357 3365 quae
1373 3311 1390 3346 a
1409 3296 1511 3352 codicis
1531 3302 1620 3354 nostri
1637 3303 1771 3376 scriptura
1791 3306 1880 3362 disee·

96 3393 208 3456 dercnt,
226 3395 352 3464 apposui.

103 3554 1881 3588 WQ

163 3671 192 3738 6)
233 3668 266 3720 In
285 3666 487 3719 Commentario
507 3667 618 3736 praevio
636 3674 714 3738 parte
733 3667 754 3725 l,
782 3672 823 3736 (p.
845 3664 1074 3725 vmt....xx11.r
1098 3662 1133 3715 de
1152 3663 1219 3716 iuris
1236 3663 1324 3718 civilis
1344 3665 1502 3736 fragmentis
1520 3669 1638 3726 disserit.
1693 3675 1803 3729 Tabula
1822 3680 1879 3732 aeri

98 3740 203 3796 incisa,
221 3753 301 3805 quarn
323 3740 410 3803 repeti
431 3739 599 3801 curavimus,
633 3738 752 3805 duplicis
774 3736 926 3804 scripturae
967 3734 1120 3806 alimpsesti
1150 3741 1179 3786 et
1205 3736 1413 3804 praecipuarum
1440 3740 1568 3808 siglarum
1589 3742 1728 3811 specimen
1754 3747 1877 3803 exhibet,

95 3809 261 3861 Contentum
279 3807 422 3876 excipiunt
440 3820 481 3872 (p.
491 3806 546 3876 93.)
566 3807 664 3860 Variae
678 3807 811 3860 lectiones
828 3805 895 3862 cod
916 3753 1123 3865 'l'd’eodosianh
1154 3804 1192 3874 (p.
1216 3804 1284 3873 rol.)
1301 3806 1491 3875 Fragmentum
1509 3808 1578 3880 legis
1596 3813 1733 3867 Romanae
1753 3819 1877 3890 burgun.

99 3877 230 3938 dionem,
252 3884 281 3929 et
298 3881 340 3944 (p.
363 3876 435 3935 ιοδ.)
454 3875 608 3929 summaria
633 3877 769 3948 quaedam
789 3872 858 3929 cod.
878 3872 1066 3929 Theodosiani
1087 3881 1260 3944 epervetere
1279 3874 1383 3937 codice,
1417 3876 1575 3949 Sequuntur
1593 3883 1716 3948 ludices,
1747 3885 1787 3956 (p.
1808 3892 1877 3961 ''l-l

96 3945 291 3999 additamenta
306 3953 335 3996 et
353 3944 569 4001 emendationes.

166 4018 193 4085 ς)
229 4015 364 4066 Subiit:
398 4016 536 4068 Vaticana
554 4017 625 4068 iuris
644 4012 763 4069 Romani
772 4010 938 4081 fragmenta
955 4013 1057 4067 Romae
1076 4029 1166 4091 nuper
1182 4013 1217 4066 ul
1237 4014 1343 4085 Angeia
1363 4015 1444 4071 Maio
1461 4016 1570 4072 detecta
1590 4032 1619 4074 et
1635 4020 1727 4084 editu,
1758 4025 1876 4079 Gallicis

98 4087 173 4153 typis
189 4082 392 4137 mandaverunt
408 4083 621 4152 premeridum
637 4102 710 4156 quae
731 4081 870 4138 muido
888 4085 1000 4137 nomine
1013 4082 1196 4155 publicentur
1209 4081 1337 4139 editores.
1373 4086 1465 4138 Puris.
1486 4088 1633 4146 De'cembre
1648 4093 1721 4145 adai.
1758 4094 1875 4145 Deside-

96 4163 189 4208 rantur
206 4163 311 4206 ceterae
331 4153 398 4205 iuris
416 4155 569 4225 reliquiae,
591 4157 656 4206 item
677 4154 772 4206 tabula
789 4155 847 4205 aeri
864 4154 951 4204 ineisa
973 4162 1001 4206 et
1019 4151 1216 4205 additamenta.

161 4224 189 4292 8)
226 4224 282 4274 'l'it
312 4225 386 4274 luris
410 4225 528 4275 Romani
551 4222 786 4279 anseiustiniunei
810 4222 972 4294 fragmenta
996 4223 1134 4276 Vaticana
1161 4239 1175 4275 e
1202 4220 1296 4276 codice
1323 4222 1499 4292 palimpsesto
1525 4227 1598 4277 eruit
1619 4228 1741 4298 Angelus
1766 4232 1871 4286 Maius.

94 4294 226 4411 Prostanp
242 4294 343 4344 Romae
362 4305 388 4344 ιι
408 4293 542 4347 Beroliur'.
567 4296 641 4363 1824.
677 4293 856 4347 Desideratur
875 4295 1086 4346 commentarius
1107 4294 1233 4360 praevius
1252 4292 1380 4343 notitiam
1392 4294 1495 4347 codicis
1510 4310 1591 4346 manu
1606 4297 1699 4365 scripti
1716 4303 1872 4368 continens,

95 4369 124 4413 et
143 4364 235 4414 tabua
257 4364 314 4413 aeri
331 4363 426 4414 incisa.

164 4434 193 4501 9)
228 4430 362 4484 Iudicium
382 4431 416 4484 de
435 4431 485 4484 hac
505 4432 628 4484 editione
647 4430 730 4485 huius
748 4432 803 4486 loci
820 4447 878 4485 non
897 4439 946 4484 est.
993 4430 1110 4483 Silentia
1139 4437 1229 4482 tamen
1247 4429 1398 4499 praeterire
1417 4447 1473 4484 nou
1501 4449 1630 4501 possum,
1660 4435 1869 4494 emendationes

94 4508 152 4553 tum
173 4517 188 4550 a
206 4500 317 4555 Savinio
335 4516 442 4553 mecum
461 4505 674 4556 communicatas
692 4510 750 4554 tum
771 4518 846 4555 ame
867 4501 1034 4570 propositas,
1057 4517 1122 4570 quas
1140 4516 1175 4552 ex
1193 4499 1293 4553 scholis
1313 4500 1382 4552 meis
1404 4516 1433 4552 se
1453 4517 1514 4554 acce
1535 4505 1589 4556 isse
1608 4503 1803 4561 Buchholtaius
1817 4510 1867 4562 ds·

93 4571 193 4631 clarat,
211 4587 307 4640 parum
326 4580 456 4627 accurate
479 4588 542 4626 eum
562 4573 723 4625 reddidisse.
758 4571 885 4640 Exempli
905 4586 986 4624 causa
1004 4570 1127 4625 rideatur
1145 4568 1166 4640 ᾗ.
1184 4569 1228 4637 46.
1255 4569 1304 4623 ubi
1328 4570 1402 4641 perit
1428 4571 1552 4642 scripsit,
1580 4576 1655 4645 quod
1674 4592 1756 4629 sensu
1775 4588 1867 4646 earet,

92 4655 144 4709 pro
162 4657 220 4694 non
234 4643 315 4711 perit.

170 4712 210 4775 ro)
246 4710 516 4764 Animadversionum
534 4712 682 4765 nonnullas
699 4711 805 4781 publici
825 4709 893 4762 iuris
911 4708 978 4764 iecit
995 4710 1025 4763 in
1042 4710 1202 4765 lectionum
1220 4709 1292 4764 iuris
1313 4709 1406 4766 civilis
1425 4710 1617 4785 capi-puori
1631 4713 1760 4787 praeside
1787 4722 1819 4774 A.
1837 4720 1867 4780 F,
1929 4708 1938 4729 ⁸
1962 4726 1964 4735 '

93 4777 212 4833 Burlow
230 4777 285 4851 dqfi
300 4785 330 4833 A.
343 4778 377 4833 de
395 4780 535 4846 Rursdurfi
553 4780 752 4852 Gryphiswold.
774 4780 846 4839 1828.
866 4782 889 4847 4-

166 4850 208 4913 ιι)
245 4854 281 4900 Ea
300 4853 373 4902 notis
392 4851 451 4902 eius
470 4855 697 4919 manuscriptis,
716 4850 817 4921 qulbus
837 4847 991 4910 utilicuit,
1018 4847 1089 4900 eliae
1106 4846 1210 4901 codicis
1228 4847 1391 4917 scripturam
1409 4851 1559 4904 accuratius
1579 4867 1661 4923 quam
1679 4852 1749 4911 Maii
1773 4874 1865 4911 exem·

92 4918 170 4987 plum
191 4919 337 4980 exhibent,
361 4921 431 4972 aliae
450 4923 620 4973 restitutioni
640 4929 782 4974 contextus
803 4919 964 4971 inserviunt.

165 4989 207 5055 rs)
243 4989 347 5040 Summi
364 4991 416 5041 riri
437 5006 537 5043 nomen
551 4991 657 5045 incuria
678 4992 808 5045 omissum
822 4989 921 5060 supple
939 4988 969 5040 in
989 4996 1048 5044 not.
1071 5003 1126 5057 rap.
1145 4986 1181 5040 ad
1198 4985 1273 5058 §.bn
1293 5003 1354 5040 nana
1371 4987 1446 5056 prius
1468 4988 1687 5046 emendationem
1707 4992 1750 5047 ibi
1768 4998 1862 5067 prola·

92 5066 149 5110 “m
165 5067 454 5189 ilipffidl'uoner,
471 5144 538 5199 quaa
558 5128 669 5185 Savinio
688 5130 894 5191 transmiserat,
911 5126 1023 5197 publice
1038 5128 1183 5197 proposuit
1197 5129 1227 5180 in
1245 5124 1335 5181 nens.
1352 5127 1415 5185 Vol.
1434 5126 1480 5180 Vl.
1499 5145 1525 5196 p.
1546 5131 1605 5183 iar.
1623 5147 1651 5183 se

169 5196 210 5263 ri)
246 5197 422 5250 coniecturas
440 5199 475 5247 ad
495 5203 536 5251 tit.
556 5199 668 5270 quaudo
688 5199 812 5255 donator
830 5198 878 5251 rel.
904 5207 933 5250 et
957 5194 991 5250 de
1014 5194 1211 5250 donationibus
1229 5199 1276 5254 rel,
1292 5199 1462 5265 pertinentes
1482 5197 1511 5250 in
1529 5199 1600 5253 Dias.
1619 5150 1731 5272 deqaege
1751 5202 1862 5270 Cincio,

96 5263 190 5318 Berol.
211 5269 282 5321 reas.
303 5271 326 5323 8.
344 5270 505 5336 proposuit,
522 5267 589 5322 alias
607 5285 688 5323 mana
707 5271 821 5338 scriptas
840 5278 899 5322 tum
917 5266 952 5319 ab
972 5268 1043 5335 ipso,
1061 5275 1119 5319 tum
1137 5282 1152 5315 a
1173 5267 1288 5319 lllenzio
1309 5269 1471 5337 accepimus.

170 5338 216 5391 ιδ)
252 5338 377 5408 [lelegis
395 5336 507 5390 Cinciae
525 5340 585 5390 iure
603 5339 648 5392 ins
677 5339 772 5393 lllseirr.
791 5339 863 5392 Mus.
882 5337 944 5395 Vol.
962 5335 982 5387 1.
1003 5352 1029 5406 p·
1047 5340 1103 5395 185.
1120 5353 1198 5408 seqq.
1216 5344 1260 5388 et:
1280 5337 1388 5391 Grieerr.
1405 5334 1456 5392 der
1470 5335 1635 5409 Elegeteem
1652 5338 1714 5391 Vol.
1732 5339 1753 5393 1.
1772 5342 1867 5398 Berol.

99 5401 218 5535 'Misi'
251 5473 323 5526 urar.
346 5475 479 5529 retracta
498 5476 560 5529 vor.
583 5477 615 5528 v.
636 5478 656 5529 ι.
670 5494 697 5548 p.
720 5478 776 5547 167·
797 5493 873 5549 seqq.

171 5556 216 5627 apt
250 5546 300 5599 Lei
320 5563 342 5595 2.
363 5548 426 5598 Litt.
444 5548 516 5604 Zeit.
539 5549 612 5614 1824.
640 5565 713 5601 rrum.
737 5549 793 5616 ¹7³·
818 5550 873 5669 ppt.
905 5572 942 5588 ·-
976 5545 1087 5601 Codicis
1107 5542 1295 5627 ibeorlosiani
1311 5545 1379 5600 libri
1399 5546 1429 5596 V.
1450 5547 1568 5616 priem-
1602 5544 1870 5618 lips.1825.8.—

98 5609 269 5668 meusne
312 5616 347 5666 ol.
366 5618 385 5667 1.
415 5619 525 5686 Opuscc.
545 5615 645 5673 arada
664 5618 687 5669 b.
705 5616 818 5673 uersor
838 5619 868 5681 i,
886 5616 958 5686 lips.
983 5615 1295 5686 1825.8.p..t1ttttt
1315 5632 1392 5687 seqq.
