4560 6562
241 370 314 444 403

244 563 355 623 sinuat,
373 561 465 628 potins
485 560 577 611 eontra
596 556 683 610 bonos
700 570 788 608 mores
807 559 929 611 carthola
947 559 1006 628 iptu
1026 556 1109 623 litigii

200 654 205 664 ⁸
245 648 421 698 seminarium
432 645 601 714 propagavit,
621 652 770 714 quamtum
782 646 844 694 utili
857 644 1056 696 deliberatione
1067 658 1110 691 as-

245 733 415 801 surgentium
439 732 587 801 iurgiorum
609 730 735 782 scandala
754 732 894 786 resecavit.
935 730 1109 797 Dignoscitur

228 818 481 887 ¹itaquecalliditaa
491 817 618 869 dictantis
634 832 688 867 non
699 816 828 865 babuisse
839 817 1021 883 prudentiam.
1037 820 1108 869 Dum

244 907 328 972 igitur
356 912 448 955 eontra
477 904 566 972 legum
586 905 710 970 iurisque
727 902 851 951 ordinem
878 905 988 952 veniens
1010 905 1108 954 iustam

243 990 353 1042 arbitrii
371 990 506 1059 ignorarit
524 989 662 1039 custodire
683 1003 845 1049 mensnram,
864 1003 933 1057 qnae
948 995 1027 1071 'tanta
1040 990 1108 1040 ‹lna-

244 1092 303 1126 rnm
313 1092 489 1144 personarum
501 1074 618 1142 dignitas
636 1076 726 1142 potuit
742 1074 865 1145 reperiri,
883 1082 931 1124 aut
949 1089 1018 1144 qnae
1038 1076 1108 1128 iutra

222 1148 233 1165 ⁴
247 1164 384 1230 regionem
395 1169 470 1211 tanta
486 1162 539 1211 luit
559 1159 677 1211 desectio
690 1160 882 1221 indicantium,
898 1166 928 1209 nt
945 1177 996 1211 nec
1014 1164 1111 1213 trium-

242 1249 327 1299 rirale
341 1247 474 1298 iudicium
487 1249 568 1297 etiarn
585 1245 619 1296 de
638 1246 719 1297 rebus
730 1245 859 1298 iudicatis
878 1246 947 1295 male
966 1248 1106 1315 paciscen-

241 1338 309 1384 tium
329 1349 383 1383 non
402 1341 457 1383 tarn
485 1333 605 1393 electio,
636 1331 701 1393 sed,
729 1333 804 1399 qnod
832 1334 921 1382 serius
941 1332 965 1366 ²⁵
990 1340 1105 1396 constat,

240 1420 356 1469 taeilitas
377 1417 544 1485 eligcrct27?
570 1417 704 1470 derebus
724 1420 796 1468 enim
817 1418 944 1468 indicatis
963 1420 1105 1487 soliprin-

240 1506 295 1572 cipi
318 1511 346 1555 et
367 1513 459 1555 contra
480 1504 584 1554 indices
605 1503 686 1554 licuit
706 1502 848 1568 indicarc3
876 1512 923 1553 aut
938 1505 959 1553 si
980 1504 1018 1553 ita
1038 1521 1104 1556 con-

239 1599 376 1650 rcncrat,
402 1599 433 1641 ut
453 1590 548 1640 indicii
569 1590 706 1642 vinculum
728 1588 888 1640 solveretur.
925 1589 992 1655 Ergo
1012 1592 1103 1656 pactio

240 1679 297 1740 ipsa
317 1678 411 1728 indicii
436 1677 559 1728 ordinem
579 1684 606 1727 et
625 1677 849 1727 constitutionem
871 1676 1008 1738 insumat,
1034 1693 1104 1747 qnae

237 1763 406 1831 discingit²³,
423 1762 496 1831 quod
516 1771 608 1813 tamen
625 1778 681 1812 non
700 1760 881 1829 paciscendo,
906 1763 954 1813 sed
974 1762 1102 1814 donando

237 1850 296 1899 lieri
316 1849 466 1917 potuisset,
485 1846 633 1899 secundum
644 1849 807 1897 sententiam
819 1846 905 1897 Paulli
919 1848 1037 1909 iuridici,
1057 1866 1105 1917 en-

235 1936 277 1982 ius
300 1934 450 1984 sententias
469 1934 712 1984 sacratissimorum
732 1934 886 2001 principum
906 1933 972 1983 scita
997 1950 1104 2002 semper

236 2020 383 2080 valituras,
410 2035 442 2070 ac
468 2018 563 2068 divalis
596 2019 970 2070 constitutio²⁹dcclarat³⁰.
1007 2037 1100 2071 eaunnr

238 2123 310 2155 saar.
331 2121 348 2153 ι.
368 2105 609 2156 nm.nn1>ncr.³⁰*:
852 2156 853 2160 ,

236 2190 310 2246 „Nec
330 2197 424 2240 contra
453 2190 546 2257 leges,
574 2203 625 2241 nec
653 2197 747 2241 contra
776 2189 864 2240 bonos
886 2205 976 2242 mores
1000 2191 1099 2259 pacisci

236 2277 430 2344 „possumus”

235 2364 299 2413 lrnn
321 2380 381 2413 eon.
405 2379 454 2413 ars.
475 2379 505 2413 ar
522 2362 618 2413 rrr.³¹:

237 2447 365 2502 ,Pactum
392 2454 484 2496 cantra
512 2447 554 2496 ius
582 2454 631 2496 ant
659 2445 868 2497 constitutiones
891 2451 941 2497 aut
966 2445 993 2502 S.
1007 2447 1035 2498 C.
1056 2449 1100 2499 iu-

235 2533 414 2600 ‚.terpositum
433 2531 504 2582 nibil
524 2535 656 2584 momenti
676 2533 793 2584 habct''

233 2621 296 2670 iren
314 2635 347 2668 ex
368 2634 481 2669 corrone
499 2634 594 2669 ranam
613 2637 645 2668 ne
666 2636 736 2670 raca.
757 2637 787 2670 er
808 2619 997 2671 correnrrs³²z

231 2704 310 2762 „Post
328 2720 384 2756 rem
401 2705 548 2756 indicatam
569 2712 692 2771 pactum,
712 2704 765 2756 nisi
786 2704 944 2756 donationis
962 2719 1041 2756 cansa
1053 2705 1098 2756 in·

233 2798 427 2857 ,aterponatnm
447 2793 547 2841 serrari
566 2808 620 2841 non
640 2798 733 2858 potest
746 2791 768 2823 ³³
779 2793 804 2838 ''.

230 2876 365 2944 intelligis
392 2885 557 2926 memoratae
585 2876 721 2944 pactionis
743 2875 968 2927 constitutionem
988 2875 1098 2926 iuridici

232 2964 351 3013 auctoris
363 2960 385 2996 ³⁴
403 2963 548 3013 sententiis
566 2979 686 3014 vacuam.
724 2960 817 3029 Quid,
837 2961 964 3030 inquam,
983 2962 1097 3014 ulterius

231 3047 448 3116 requirendum?
484 3049 558 3098 Dicit
580 3065 638 3115 pars
657 3046 789 3109 adversa,
806 3049 878 3115 pacti
898 3064 989 3098 sumus
1008 3046 1097 3099 libero

233 3136 367 3194 arbitrio,
386 3136 463 3186 nullo
481 3136 603 3200 cogentis
624 3135 760 3202 imperio,
778 3133 829 3182 tibi
845 3133 964 3184 ethonis
976 3133 1097 3184 moribus

233 3221 378 3271 constuite
417 3220 444 3269 Si
464 3228 584 3282 certum,
603 3237 657 3272 non
677 3226 770 3270 contra
790 3221 862 3269 iussa
876 3225 903 3269 ct
920 3227 1098 3269 senatuscon-

231 3306 319 3365 s'ulta,
337 3322 408 3374 quae
428 3303 548 3354 iudicata
568 3312 632 3355 srrnt
649 3304 740 3372 prins,
759 3305 868 3355 effectui
887 3302 1097 3354 contradantur:

233 3398 260 3435 rt
280 3390 314 3437 dc
332 3390 392 3448 liis,
418 3407 488 3457 qnae
515 3389 689 3441 altercationi
708 3405 850 3455 superesse
867 3396 1033 3450 noscuntur,
1061 3391 1098 3440 sit

232 3476 340 3541 dignius
353 3474 383 3534 ³⁶,
399 3490 429 3523 ac
448 3474 540 3540 legalis
560 3490 686 3524 numerus
708 3473 849 3534 indicum,
869 3474 917 3543 qui
935 3480 1030 3523 cuncta
1043 3474 1097 3523 lata

232 3561 368 3611 sententia
389 3558 528 3608 modcrata
547 3560 653 3610 ratione
669 3561 691 3594 ³⁷
719 3559 860 3626 discingat.
903 3560 982 3610 Certe
1008 3561 1031 3609 si
1048 3572 1098 3608 ne·

234 3661 306 3695 resse
337 3653 377 3694 est
405 3646 512 3694 rusticis
540 3645 730 3714 improbisque
762 3645 885 3697 moribus
905 3645 1013 3714 aliquid
1039 3661 1098 3695 arn·

231 3731 305 3797 plirm
327 3729 469 3790 satisfieri,
490 3731 541 3797 ipsi
561 3733 630 3791 duo,
651 3732 750 3800 qu0s³⁰
768 3732 889 3799 praelata
908 3730 1028 3782 cartlrola
1046 3746 1099 3780 ne·

231 3816 364 3876 minavit,
383 3817 433 3866 sub
453 3817 607 3884 praescotia
626 3817 772 3867 electarum
793 3833 984 3885 personarum,
1000 3816 1094 3869 desen-

230 3917 291 3952 sorc
311 3917 421 3972 quoqne
439 3901 584 3963 adhibito,
601 3902 798 3969 appellentur,
818 3911 860 3965 ut,
881 3905 904 3953 si
923 3912 1099 3972 praesumunt

229 3995 277 4038 ant
297 3993 396 4054 putant
415 3988 515 4038 iustum
536 3988 580 4038 rel
598 3988 703 4054 legale,
721 3986 837 4039 audiant
855 4005 926 4057 quae
940 3996 1028 4055 partes
1040 3991 1099 4039 iur-

229 4074 351 4139 gantium
373 4073 539 4124 crediderint
561 4072 732 4124 intimanda:
760 4081 806 4135 et,
831 4073 852 4123 si
885 4075 970 4141 ipsius
989 4073 1097 4124 cartho-

215 4159 298 4225 ιΙιιε,
330 4174 400 4226 quae
434 4158 488 4208 iam
524 4157 692 4226 dignoscitur
721 4160 785 4209 iuris
818 4159 942 4208 formulis
975 4168 1098 4219 vacuata,

229 4244 340 4294 rnodnm
359 4244 504 4296 aestimant
523 4260 551 4296 se
570 4246 715 4314 supplere,
745 4249 874 4312 promant
891 4244 924 4295 de
942 4246 1041 4308 agnitis
1057 4245 1098 4295 lc·

230 4331 269 4395 gis
292 4332 462 4380 sententiam.
499 4328 579 4381 'sune
597 4337 625 4380 et
643 4331 697 4400 ipsi
721 4331 843 4381 sentient
870 4330 936 4400 qnid
956 4331 992 4381 sit
1009 4338 1097 4380 terne-

229 4418 294 4462 ritas
316 4413 478 4482 iudicantis,
508 4415 558 4467 ubi
586 4417 676 4467 minor
704 4432 833 4467 nnmerus
862 4416 1097 4482 postmaiorem,

229 4505 370 4565 praeterea
390 4505 419 4548 et
437 4502 626 4569 religiosorum
638 4537 647 4564 ‚
668 4519 738 4571 quos
757 4519 812 4554 nun
832 4502 929 4551 summi
950 4503 1096 4569 pontifica-

231 4588 274 4632 tus
294 4579 382 4633 bonor
399 4587 520 4649 attollit,
540 4596 633 4638 contra
655 4603 698 4639 res
717 4588 822 4639 iudicio
842 4588 998 4638 terminatas
1017 4603 1096 4655 prae-

231 4668 379 4733 sumpserit
397 4670 467 4722 lerrc
486 4674 666 4725 sententiam:
685 4688 734 4735 ae,
760 4673 783 4724 si
803 4671 977 4733 destiterint,
1004 4681 1099 4724 conte-

420 364 761 446 CONSULTATIO
785 364 996 447 VETERIS
1020 362 1401 444 lURISCONSULTI.
1466 367 1598 443 CAPP.
1624 366 1710 441 vlt.
1733 367 1837 441 VIII.

1951 369 2022 441 tot

1156 558 1238 609 statio
1259 557 1402 626 allegetur,
1423 557 1486 610 illos
1497 563 1544 609 aut
1561 555 1685 618 differre,
1702 562 1818 607 autnon
1836 571 2023 624 praesumere,

1157 650 1205 693 ant
1223 644 1384 696 electionem
1403 645 1534 712 impleant
1545 645 1748 713 paciscentium.
1772 643 1888 693 Demum
1908 645 1932 692 si
1953 660 2023 711 qnae

1155 727 1400 784 incontentioncm
1418 733 1544 790 veniunt,
1561 738 1610 780 aut
1628 729 1754 798 ampliori
1764 727 2023 789 numeroiudicom,

1156 822 1203 863 aut
1214 832 1332 867 summae
1351 817 1492 884 potcstatis
1508 823 1572 865 sunt
1583 815 1697 866 arbitrio
1711 814 1890 866 decernenda.
1914 815 2023 865 Deinde

1154 914 1219 950 vcro
1240 903 1313 971 qnod
1336 905 1446 953 minime
1468 903 1560 953 suerat
1584 904 1765 954 necessarium
1790 901 2020 952 consultationem
2066 918 2069 923 ·

1154 994 1273 1037 nostram
1293 990 1347 1037 tuis
1368 987 1538 1041 utilitatibus
1557 989 1689 1039 sciscitari
1700 989 1731 1051 ³⁹,
1752 988 1775 1036 si
1795 1003 1862 1038 arus
1882 995 2021 1036 maternus

1154 1071 1249 1138 nepoti
1273 1073 1365 1144 aliqua
1390 1074 1538 1125 contulisse
1561 1081 1703 1137 noscatur,
1723 1081 1812 1124 utrum
1833 1075 1863 1123 in
1882 1073 1945 1122 inre
1964 1072 2022 1120 eius

1154 1171 1266 1210 manere
1295 1159 1430 1223 debeant,
1460 1175 1494 1209 an
1524 1161 1604 1212 matri
1630 1163 1659 1211 in
1686 1161 1860 1228 possessione
1886 1173 1938 1209 sna
1959 1175 2021 1208 con·

1153 1243 1219 1293 sorti
1239 1246 1462 1313 persuasionibus
1484 1246 1598 1297 lubricis
1616 1247 1754 1313 imputari,
1774 1262 1824 1314 pro
1843 1261 1876 1295 eo
1895 1244 2020 1300 tortasse,

1153 1331 1227 1398 quod
1247 1331 1448 1381 usufructuaria
1459 1332 1483 1365 ⁴⁰
1504 1332 1538 1382 de
1557 1331 1724 1399 proprietate
1737 1330 1787 1381 filii
1803 1331 1973 1389 constituta,
1991 1345 2020 1378 ac

1153 1415 1175 1465 si
1195 1416 1267 1467 filiae
1295 1418 1435 1484 proprium
1462 1417 1507 1468 rel
1536 1416 1654 1467 cuilibet
1675 1425 1805 1467 extranco
1822 1415 1934 1484 aliquid
1957 1414 2020 1463 reli-

1152 1503 1273 1569 quisset,
1302 1502 1413 1553 domino
1442 1502 1476 1553 dc
1506 1503 1636 1553 facultate
1664 1518 1713 1552 sna
1740 1501 1834 1552 testari
1856 1517 1915 1551 non
1934 1500 2019 1555 licuit.

1151 1585 1275 1655 Cumque
1302 1589 1407 1638 etiarnsi
1427 1597 1505 1656 pater
1525 1589 1576 1638 filii
1604 1593 1773 1656 superesset,
1801 1602 1856 1637 vnee
1875 1586 1911 1637 ad
1931 1587 2017 1653 ipsum

1152 1673 1187 1722 ab
1218 1688 1266 1724 are
1292 1680 1416 1725 materno
1445 1673 1526 1753 qraod
1539 1677 1634 1740 nepoti
1659 1673 1788 1724 collatum
1806 1673 1909 1731 fuerat,
1935 1672 2018 1738 perti·

1152 1767 1242 1809 neret:
1266 1767 1296 1809 ut
1318 1760 1432 1809 etiam⁸¹
1450 1763 1480 1811 C.
1499 1757 1550 1809 't'tn
1564 1760 1685 1811 declarat
1701 1759 1858 1809 auctoritas
1887 1757 1971 1824 Quod
1982 1763 2020 1808 ta·

1150 1859 1215 1896 men
1242 1847 1408 1912 superfluum
1434 1862 1518 1914 penes
1537 1846 1636 1897 electas
1656 1846 1869 1915 magnificasque
1890 1859 2020 1912 personas

1151 1928 1210 1979 sieri
1230 1929 1399 1982 iudicamus:
1431 1931 1479 1981 sed
1497 1947 1608 1983 neccsse
1628 1939 1689 1993 cst,
1709 1940 1740 1983 ut
1760 1932 1917 1998 ignorantia
1937 1933 2018 1982 rusti·

1150 2016 1255 2078 citatis,
1272 2017 1314 2068 vel
1330 2017 1560 2083 tergiversationis
1570 2019 1703 2087 iniquitas
1715 2016 1827 2068 directis
1841 2033 1950 2084 semper
1968 2017 2018 2067 ob·

1149 2100 1300 2153 lationibus
1328 2105 1531 2172 comprimatur.
1576 2123 1607 2155 ns
1622 2118 1796 2155 rnnonosram
1815 2121 1866 2154 nra.
1886 2105 1957 2154 rx.⁴²
1975 2120 2016 2153 aaa

1148 2204 1198 2262 rra.
1217 2205 1250 2237 nr
1272 2207 1330 2241 nar.
1352 2207 1411 2242 sorr.
1433 2208 1464 2242 nr
1482 2190 1576 2242 uar.⁴³
1596 2207 1654 2240 aas.
1673 2206 1797 2242 carrione
1811 2206 1943 2242 sornam:

1149 2273 1251 2340 „Impp
1269 2273 1371 2325 Honor.
1392 2281 1421 2326 et
1436 2276 1530 2327 Arcad.
1549 2276 1602 2328 ΛΔ.
1616 2277 1758 2329 Florentio
1778 2276 1864 2344 praef.
1886 2275 1948 2332 nrb.
1971 2276 2017 2335 (²¹¹

1148 2357 1293 2429 „locum:)
1330 2360 1472 2430 Quicquid
1501 2378 1585 2425 arus,
1613 2365 1691 2424 avia,
1719 2378 1853 2431 proavus,
1887 2363 2016 2429 proaria,

1148 2446 1277 2511 ,‚nepoti,
1295 2447 1392 2512 nepti,
1414 2449 1584 2514 pronepoti,
1605 2449 1734 2515 pronepti
1761 2447 1914 2498 cuiuslibet
1941 2448 2015 2498 titnli

1149 2530 1294 2598 „largitate
1314 2534 1493 2596 contulerint,
1511 2534 1540 2585 id
1560 2541 1610 2596 est,
1629 2541 1802 2592 testamento,
1822 2533 2015 2585 fideicommis-

1149 2633 1213 2678 „so,
1240 2617 1347 2686 legato,
1369 2618 1513 2682 codicillo,
1535 2619 1701 2683 donatione,
1727 2621 1771 2671 rel
1790 2621 1875 2670 etiam
1894 2620 2014 2671 intestati

1149 2704 1358 2767 „sueccssionc,
1387 2713 1465 2773 pater
1484 2707 1541 2757 filio
1564 2707 1705 2758 filiaeve⁴²
1726 2709 1832 2773 integra
1852 2705 2015 2774 illibataque

1148 2789 1310 2849 „custodiat
1355 2791 1416 2844 Dat.
1438 2791 1509 2858 prid.
1531 2791 1569 2843 Id.
1589 2793 1687 2847 Octob.
1706 2792 1881 2856 Mediolano,
1909 2789 2014 2847 Olibrio

1149 2881 1196 2934 „et
1213 2875 1330 2926 Probino
1351 2875 1423 2927 Coss.
1435 2879 1483 2912 *Ψ

1148 2962 1220 3012 Luce
1238 2962 1335 3013 clarius
1357 2962 1482 3014 constitit
1500 2963 1569 3031 patri
1589 2961 1735 3026 factumst,
1756 2980 1807 3016 nec
1829 2966 1912 3016 matri
1938 2979 2013 3014 nsnm

1149 3045 1263 3108 obesse,
1284 3055 1314 3099 ut
1335 3041 1369 3097 dc'
1391 3048 1498 3119 reliqna
1521 3048 1652 3100 facultate
1671 3053 1875 3118 possessionem
1896 3050 2012 3102 debitam

1147 3140 1350 3200 consequatur:
1371 3141 1399 3184 et
1425 3136 1494 3185 circa
1516 3141 1646 3202 nepotem
1667 3152 1766 3187 munna
1785 3136 1932 3187 aviaricum
1953 3154 2012 3204 per-

1147 3223 1229 3284 petua
1249 3216 1416 3270 liberalitate
1437 3234 1604 3269 mansurum.
1640 3221 1699 3271 Hoc
1718 3230 1746 3272 ct
1758 3222 1944 3274 consultorum
1955 3227 2010 3275 iura

1148 3302 1305 3365 declarant,
1326 3320 1395 3372 qnae
1419 3305 1602 3358 necessarium
1620 3310 1749 3359 tractatui
1768 3316 1864 3361 nostro
1883 3325 1938 3363 non
1960 3309 2010 3359 dn-

1146 3389 1236 3439 ximus
1256 3388 1392 3438 adhiberi.

1216 3474 1289 3522 vttt.
1325 3472 1402 3524 adde
1427 3473 1524 3524 damu
1549 3475 1746 3529 sollicitudinis
1772 3485 1839 3530 tuae
1862 3494 1925 3530 curs
1955 3488 2010 3532 tra-

1147 3560 1245 3620 ctarit,
1265 3566 1297 3610 ut
1317 3560 1351 3611 de
1370 3561 1573 3622 effractoribus,
1591 3570 1619 3613 et
1640 3564 1785 3616 manifesto
1807 3566 1921 3618 crimine
1941 3582 2011 3618 com-

1147 3645 1289 3715 prehensis
1309 3663 1390 3716 qnam
1417 3647 1501 3699 iudex
1527 3647 1626 3699 debuit
1652 3650 1722 3701 ferre
1749 3653 1932 3714 sententiam,
1956 3661 2010 3703 tra·

1147 3738 1233 3782 ctatus
1251 3734 1338 3783 nostri
1357 3734 1457 3802 pagina
1479 3731 1615 3797 declaret3
1645 3741 1693 3786 aut
1719 3737 1742 3787 si
1772 3739 1906 3800 maritus,
1935 3755 2010 3810 qnem

1146 3816 1306 3868 iudiciariae
1324 3820 1469 3886 potestatis
1489 3817 1579 3884 cingit
1591 3821 1759 3882 arrctoritas,
1783 3819 1818 3871 de
1838 3824 1940 3883 serris,
1966 3825 2011 3894 qni

1147 3916 1189 3953 rcs
1206 3902 1313 3954 saxorias
1334 3903 1480 3954 manifesto
1498 3905 1612 3955 crimine
1631 3905 1777 3959 abstulisse
1804 3910 1923 3960 convicti
1941 3917 2011 3969 sunt

1145 3990 1357 4056 peremptoriam
1375 3986 1503 4039 debuerit
1521 3989 1592 4041 ferre
1611 3994 1798 4055 sententiam,
1818 3995 1897 4062 quasi
1919 3993 1947 4046 id
1961 3993 2010 4045 ob·

1146 4074 1192 4123 iiei
1215 4073 1316 4139 possit,
1334 4072 1363 4124 in
1381 4075 1492 4141 propria
1511 4090 1591 4126 cansa
1613 4079 1674 4146 qula
1694 4076 1800 4129 iudicet
1818 4078 1920 4144 stulte;
1944 4081 2008 4132 hnic

1146 4159 1191 4209 lex
1210 4158 1334 4208 dirorum
1356 4159 1533 4227 principum,
1553 4178 1622 4231 quae
1642 4161 1713 4213 infra
1732 4163 1851 4230 legitur,
1870 4180 2011 4233 opponen-

1146 4244 1199 4305 da,
1229 4245 1356 4295 maritum
1380 4244 1429 4295 illa
1458 4253 1565 4297 tantum
1584 4249 1694 4315 negotia
1712 4251 1805 4302 uxoris
1826 4250 1905 4301 velut
1923 4258 2012 4302 extra-

1146 4346 1227 4382 neum
1246 4335 1384 4381 arrctorem
1402 4340 1625 4399 prosecuturum,
1648 4349 1718 4403 qnae
1738 4337 1896 4403 procuratio
1917 4337 2012 4388 emissa

1145 4416 1372 4483 perscripserittt.
1413 4434 1445 4466 nx
1464 4432 1576 4468 corrone
1597 4436 1788 4473 rrrnonosrarra

1146 4501 1248 4569 „impp
1269 4499 1456 4563 Theodosius,
1477 4509 1506 4553 et
1523 4503 1671 4566 Arcadius,
1689 4513 1718 4556 et
1738 4501 1947 4562 Honorins‘dal.
1964 4509 2014 4560 Vi-

1147 4589 1233 4644 „ctori
1260 4588 1417 4654 proconsuli
1443 4589 1566 4640 Asiae⁴⁹.
1603 4590 1780 4653 Procurator,
1808 4593 1875 4646 lieet
1901 4596 2012 4648 maritus

1148 4673 1218 4735 „sit,
1237 4672 1266 4723 id
1284 4674 1373 4724 solnm
1392 4676 1492 4744 exequi
1511 4674 1612 4739 debet,
1645 4677 1720 4747 quod
1738 4681 1897 4746 procuratio
1917 4681 2013 4732 emissa

229 4815 1257 4843 ........-..-....-...-..--.-...-....,.-

235 4897 336 4952 drudts
356 4897 390 4946 ad
410 4899 437 4949 la.
456 4899 472 4949 l.
564 4900 609 4968 26)
628 4916 683 4951 ver.
702 4896 760 4951 dici
779 4911 864 4950 const.
885 4897 941 4948 Par.
964 4900 1005 4950 86.
1024 4899 1053 4947 Β.
1071 4897 1095 4946 S.

236 4973 281 5039 27)
300 4969 421 5038 elegisset
441 4968 496 5018 l’ar.
518 4967 560 5018 86.
615 4970 660 5035 as)
679 4978 746 5034 puto
767 4968 909 5033 legendum
930 4979 1012 5038 atque
1031 4965 1100 5021 dr'se.

236 5049 284 5105 29)
304 5039 350 5089 clr.
371 5053 398 5087 ι..
417 5052 443 5090 a.
461 5035 511 5090 Tb.
531 5037 559 5088 C.
579 5037 613 5087 cle
635 5038 771 5104 responsis
791 5036 917 5106 prudent.
991 5037 1034 5104 30)
1054 5034 1102 5086 de·

236 5110 360 5160 claravit
379 5108 434 5157 Par.
456 5109 496 5160 86.
567 5105 730 5172 30*)tib.1.
750 5109 792 5156 tit„
811 5108 831 5156 Ι.
851 5105 872 5184 4.
891 5109 915 5172 4.
986 5109 1031 5169 tr)
1054 5105 1101 5155 lib.

237 5176 258 5228 l.
277 5181 319 5229 tit.
338 5179 359 5227 1.
379 5177 398 5248 §.
419 5178 468 5244 da.
576 5177 621 5244 Sa)
642 5174 691 5224 lib.
708 5176 728 5225 l.
747 5177 789 5226 tit.
809 5176 828 5227 1.
848 5183 868 5246 t„
887 5180 910 5230 5.
990 5175 1035 5243 33)
1057 5174 1103 5224 cfr.

238 5246 337 5298 Arndts
359 5248 393 5297 ad
416 5247 442 5300 h.
462 5244 482 5296 l.
559 5245 604 5311 34)
623 5246 729 5296 actoris
750 5244 808 5294 Col.
829 5248 870 5312 78.
923 5243 968 5312 35)
986 5244 1041 5296 riti
1055 5243 1104 5294 bo-

238 5317 281 5364 nis
301 5317 419 5368 moribus
438 5326 544 5368 constet
566 5316 621 5365 Par.
641 5317 683 5368 86.
757 5313 801 5383 36)
822 5316 846 5365 si
865 5313 967 5383 dignus
985 5314 1040 5364 Par.
1060 5313 1101 5366 86.

241 5385 276 5432 ait
300 5383 399 5455 dignus
419 5387 475 5435 Col.
496 5389 537 5452 78.
559 5385 585 5433 S.
605 5385 632 5434 B.
713 5382 757 5451 37)
776 5383 964 5436 moderatiene
984 5385 1038 5433 Par.
1061 5383 1102 5432 86.

241 5453 286 5516 ’58)
307 5470 374 5522 quos
392 5457 475 5524 qnasi
491 5455 623 5524 praefluo
642 5453 696 5503 Par.
717 5455 758 5502 86.
830 5455 875 5522 39)
898 5453 1052 5505 sciscitaris
1075 5449 1101 5499 8.

242 5522 274 5584 cl.
315 5522 359 5590 4ο)
379 5524 588 5594 usufructuaria
606 5534 696 5577 meter
712 5522 750 5575 sr't
765 5519 798 5573 de
816 5520 873 5573 Par.
891 5525 933 5574 86.
975 5523 1022 5591 4ι)
1040 5521 1100 5572 Hoc

1151 4893 1233 4948 etiam
1252 4895 1307 4945 Par.
1328 4897 1371 4950 86.
1443 4897 1487 4966 da)
1506 4897 1555 4948 lib.
1579 4898 1653 4950 Vltt.
1670 4901 1780 4952 mavult
1801 4900 1827 4951 S.
1844 4903 1903 4954 scil.
1915 4902 2014 4972 legitur

1151 4965 1218 5015 hacc
1237 4974 1321 5016 const.
1341 4965 1369 5014 L.
1382 4981 1405 5032 7.
1429 4964 1480 5015 Th.
1501 4966 1529 5017 C.
1548 4965 1619 5017 vrn.
1641 4966 1679 5019 18.
1702 4969 1730 5021 L.
1745 4986 1769 5020 a.
1786 4970 1809 5021 1.
1825 4971 1853 5022 C.
1883 4972 1919 5023 de
1932 4973 2012 5025 bonis

1152 5035 1289 5084 maternis.
1326 5035 1370 5103 48)
1408 5033 1536 5087 'ceston
1547 5036 1718 5102 recense.
1737 5039 1762 5090 S.
1772 5041 1799 5089 B.
1819 5055 1886 5094 met.
1907 5055 1934 5096 et
1951 5043 2013 5094 bora.

1153 5102 1224 5171 Opp.
1244 5104 1286 5169 84.
1306 5103 1360 5153 Par.
1459 5104 1489 5153 ln
1510 5107 1528 5155 l.
1552 5105 1665 5159 ceeia
1730 5128 1747 5161 n
1767 5111 1890 5180 inscript.
1916 5113 2013 5162 vertras

1154 5174 1275 5224 cretione
1285 5171 1405 5233 sublata,
1423 5173 1451 5223 in
1462 5172 1485 5222 T
1488 5174 1512 5224 h,
1525 5174 1555 5227 C.
1576 5175 1670 5245 legunt
1734 5180 1763 5231 in
1782 5178 1927 5248 subscript.
1948 5183 2013 5233 etln

1153 5240 1204 5293 Th.
1225 5241 1253 5290 C.
1271 5251 1299 5292 et
1317 5241 1337 5290 l.
1357 5242 1387 5294 C.
1408 5241 1473 5294 Dat.
1492 5242 1560 5296 ldie.
1580 5247 1671 5305 ouer,
1706 5248 1752 5316 44)
1778 5246 1877 5314 filices
1897 5249 1951 5301 Par.
1971 5253 2013 5305 88

1154 5309 1199 5378 45)
1221 5327 1246 5378 p.
1262 5309 1325 5360 Chr.
1347 5311 1455 5386 'rlffl’
1527 5315 1572 5382 46)
1591 5330 1656 5386 pate
1670 5315 1777 5386 sactum
1797 5319 1853 5371 ear.
1875 5319 1919 5372 86.
1941 5319 1968 5371 8.
1985 5321 2013 5373 il·

1152 5377 1382 5502 araret-tt
1397 5380 1489 5503 et
1503 5383 1654 5505 aete
1673 5388 1832 5509 ‘tere‘
1847 5386 2013 5507 pa..

1149 5519 1295 5589 scripserit
1310 5537 1337 5573 v·
1357 5487 1538 5592 constsse'qu.
1557 5471 1592 5575 tii
1605 5493 1629 5577 1.·
1686 5457 1736 5597 49))
1753 5471 1854 5580 'ligea
1867 5473 1913 5579 1lin.¹
1929 5476 2015 5597 gaz.
