4560 6562
99 351 169 427 tls

102 573 571 590 ............
595 535 653 584 iurn
672 547 723 585 uec
741 537 848 598 emptor
865 529 975 597 ignora⁴

103 661 527 681 ...........
563 620 661 674 ordine
685 618 821 673 audietur.
857 613 901 668 PP.
919 611 975 667 kal.

102 797 124 870 §.
145 799 186 851 30.
229 832 528 848 ........
548 794 638 866 posita
658 791 688 842 in
705 788 878 858 possessione
895 786 975 839 inisti

103 923 108 936 .
145 923 152 936 .
188 923 193 935 .
230 923 236 936 .
272 922 277 935 .
313 922 320 934 .
356 916 362 933 >.
398 922 404 933 .
440 923 445 933 .
482 920 487 930 .
524 920 529 932 .
591 874 977 939 eiecunmveniris,iseris

397 1006 402 1020 .
438 1009 443 1018 .
479 985 528 1021 vr.
550 981 600 1033 pro
618 980 667 1015 sua
688 963 828 1032 aequitate
846 958 975 1012 adeline·

103 1069 160 1109 tum
188 1093 444 1108 .......
480 1053 629 1107 Aureliano
648 1056 676 1101 et
688 1049 770 1099 Basso
789 1063 875 1101 conss.
893 1038 977 1114 (apr.)

103 1143 360 1213 ιιι..-

395 1179 401 1191 .
419 1141 562 1193 carissime
581 1135 670 1188 nobis.
705 1134 795 1185 'l'eues
814 1130 976 1203 tequidem

437 1266 444 1276 .
478 1265 483 1277 .
519 1221 770 1278 iucundissime«
787 1220 850 1271 lites
870 1216 976 1269 dirimis

587 1326 638 1361 um,
651 1308 760 1361 statutis
780 1305 835 1356 tuis
854 1319 909 1354 non
927 1318 976 1352 cu·

148 1433 618 1458 ............
647 1411 663 1446 e
682 1393 817 1461 incipient
835 1388 977 1441 discedere

105 1460 111 1540 i
149 1520 617 1544 ............
643 1496 751 1533 versum
772 1483 899 1529 eventum
918 1489 977 1526 sae-

109 1607 534 1632 ...........
589 1566 750 1635 litigabatur
770 1562 898 1615 insidunt
914 1577 977 1628 par-

108 1695 449 1718 .........
485 1675 502 1706 ιι
522 1663 551 1707 et
567 1652 823 1722 interpretationem
843 1645 977 1699 diversam

109 1783 411 1804 ........
432 1751 546 1794 estnon
566 1739 661 1792 censui
680 1739 759 1809 quasi
780 1751 844 1789 vcro
861 1736 890 1786 in
910 1731 964 1802 eal

424 1831 522 1903 [Plura
539 1824 656 1897 desunt]
858 1819 904 1871 VI.

10 1919 89 1979 sab.
108 1927 162 1999 ..4.
181 1928 223 1981 32.
236 1960 262 1975 ..
282 1922 374 1975 aditus
392 1923 541 1984 conpetens
566 1913 650 1965 iudex
673 1907 849 1962 considerato
874 1906 979 1957 tutelae

107 2013 212 2066 iudicio
235 2026 293 2062 eam
312 2006 419 2060 curabit
444 2002 516 2054 ferre
536 1999 720 2056 sententiam,
749 2010 831 2063 quarn
858 1993 978 2059 agnitam

107 2100 216 2170 legibus
240 2110 300 2148 esse
324 2090 485 2164 providerit.
521 2086 566 2137 i’l’.
589 2083 651 2141 1111.
669 2080 723 2133 kal.
745 2079 821 2148 Sept.
842 2078 979 2130 Constan-

106 2185 168 2237 tino
186 2177 216 2235 it
233 2181 341 2236 Licinio
357 2182 439 2246 augg.
459 2176 492 2228 11.
512 2187 600 2228 conss.
620 2170 704 2240 (312.)

107 2272 130 2344 §.
149 2272 191 2324 33.
228 2269 312 2336 Augg.
331 2273 361 2315 et
377 2265 466 2316 Caesa.
488 2259 608 2311 Rutiliae
623 2256 737 2307 Primae.
759 2252 894 2321 ingenuos
912 2263 978 2319 pre-

109 2358 216 2428 geuitos
242 2352 381 2406 servitutis
408 2348 499 2417 adfligi
528 2343 685 2414 dispendiis
711 2341 825 2391 minime
849 2343 978 2408 oportere

107 2445 191 2497 etiam
210 2441 297 2494 nostri
322 2435 451 2505 temporis
470 2428 676 2501 tranquillitate
697 2428 832 2491 sancitur3
857 2437 908 2475 nec
925 2421 977 2473 sub

109 2529 225 2583 obtentu
235 2527 321 2579 initae
329 2520 496 2575 venditionis
505 2519 627 2571 inlicitae
636 2514 672 2550 W
682 2513 762 2565 dccet
779 2513 979 2579 ingenuitatem

107 2614 232 2684 infringi.
274 2624 373 2680 quare*
386 2608 505 2660 iudicem
529 2608 723 2671 conpetentem
754 2596 831 2648 adire
852 2613 901 2664 par
919 2600 979 2655 est,

107 2703 156 2773 qui
176 2696 337 2761 inliberali
356 2709 437 2746 cansa
464 2707 495 2741 ea
517 2690 603 2742 faciet
617 2685 759 2755 conpleri,
783 2696 855 2751 quae
876 2681 906 2731 in
925 2679 979 2731 hu-

107 2783 262 2838 iuscemodi
281 2775 507 2834 contentionibus
526 2771 649 2828 ordinari
666 2773 850 2827 consuerunt,
878 2779 978 2817 secun·

109 2872 176 2922 dum
188 2867 359 2921 iudiciariam
375 2862 551 2930 disciplinam
568 2855 695 2929 pastibus
712 2852 881 2908 audientiam
898 2866 980 2918 prae·

107 2924 225 3008 bitures.
262 2953 308 3004 PP.
335 2948 406 3005 idib.
427 2950 495 3017 Aug.
513 2948 614 2997 Rornae
631 2942 813 2996 Constantino
828 2944 860 2989 et
871 2936 979 2989 Licinio

106 3045 191 3107 Augg.
211 3039 270 3090 1111.
289 3052 375 3089 conss.
396 3034 482 3102 (315.)

108 3127 130 3197 §.
149 3127 193 3191 34.
229 3127 295 3192 Aug.
315 3133 344 3175 et
361 3121 457 3173 Caesa.
472 3117 514 3169 Fi.
533 3115 665 3184 Apriilae.
693 3112 759 3164 Cum
778 3110 931 3180 profitearis
951 3114 979 3160 te

107 3219 179 3263 certa
208 3207 364 3277 quantitate
392 3201 561 3272 mancipium
587 3215 620 3250 crs
647 3199 780 3267 sangnine
800 3209 978 3262 conparasse,

106 3299 184 3349 culus
201 3295 321 3363 pretinm
340 3301 367 3343 te
392 3290 541 3342 exsolvisse
560 3286 629 3337 dieis
649 3294 677 3337 et
704 3281 892 3333 instrumentis
919 3295 979 3331 esse

106 3381 259 3432 firmatum:
286 3380 339 3431 hoc
363 3396 378 3428 a
407 3376 489 3428 nobis
513 3375 567 3425 iarn
593 3372 658 3421 olim
678 3367 876 3439 praescribtum
897 3365 979 3426 est²⁹,

12 3524 19 3537 ,
107 3467 193 3537 quod,
209 3468 232 3518 si
251 3464 371 3516 voluerit
396 3463 514 3532 liberum
540 3476 618 3510 suum
640 3458 790 3523 legitimum
810 3456 978 3520 reciperare,

106 3561 173 3605 tunc
192 3553 221 3604 in
240 3553 298 3603 eins
318 3552 408 3602 locum
423 3549 590 3616 mancipium
609 3544 719 3595 domiuo
739 3541 830 3600 staret,
848 3547 896 3590 aut
915 3554 977 3605 pre-

105 3641 176 3691 tium
197 3654 252 3708 quo
270 3638 402 3687 valuisset
421 3638 596 3694 numeraret3
633 3630 714 3712 ctiam
737 3643 810 3676 nunc
837 3627 860 3677 si
881 3641 896 3674 a
920 3627 976 3678 suis

104 3724 368 3795 parentibusecrto
380 3721 470 3791 pretio
488 3718 653 3786 conparasti,
673 3717 716 3766 ius
734 3712 849 3765 dominii
869 3719 896 3762 te
914 3727 976 3779 pos·

106 3810 198 3862 sidere
215 3810 408 3861 existimamus.
445 3806 553 3855 nullum
577 3808 667 3852 autern
688 3817 720 3851 es
735 3798 885 3866 gentilibus
903 3797 976 3848 libe-

105 3911 167 3949 snrn
187 3895 334 3965 adprobari
360 3896 433 3945 licet
476 3890 633 3958 subscripta
649 3887 706 3938 xit.
728 3884 781 3936 lai.
801 3887 885 3953 Augg,
904 3884 976 3937 Con-

105 3984 228 4036 stantino
245 3984 311 4052 Aug.
330 3981 375 4031 lli.
394 3995 480 4031 conss.
498 3976 582 4047 (313.)

105 4071 128 4142 §2
146 4071 188 4124 35.
225 4069 292 4135 Aug.
312 4077 342 4120 et
359 4068 450 4118 Caesa.
462 4066 491 4114 ⁸⁰.
529 4063 611 4144 Nulla
628 4058 812 4113 verecundiae
829 4057 873 4109 rel
895 4057 975 4125 quie·

105 4159 142 4208 tis
171 4170 245 4207 mora
275 4154 319 4205 rel
353 4153 483 4225 quolibet
509 4149 654 4202 intervallo
683 4144 829 4199 cunctandi
859 4145 975 4212 passim,

104 4258 181 4295 nunc
200 4242 312 4311 singuli,
336 4239 417 4291 modo
436 4237 548 4308 populi,
568 4243 729 4305 proruentes
749 4233 779 4282 in
796 4237 904 4283 nostros
922 4228 975 4280 ob·

104 4329 231 4389 tutes³¹,
254 4328 294 4377 sic
314 4327 463 4377 uniformes
482 4322 619 4394 querellas
646 4320 744 4373 iisdem
757 4321 779 4353 ⁸²
799 4319 856 4370 fere
870 4334 975 4369 sermo·

105 4414 293 4468 cinationibus
315 4413 483 4472 volutarunt,
505 4417 535 4460 ut
555 4426 605 4461 uec
623 4406 861 4475 interpellantium
877 4404 974 4456 credu-

104 4501 179 4553 litati
195 4501 301 4552 valeret
317 4500 439 4562 occurri,
457 4512 508 4547 nec
526 4496 720 4565 allegationum
743 4493 863 4563 qualitas
880 4493 973 4562 dispa-

513 342 583 418 EX
607 335 779 417 EMPTO
803 335 868 413 ET
892 332 1135 413 VENDITO·
1160 330 1196 424 S.
1223 334 1282 407 30.
1379 326 1415 421 §-
1443 332 1505 403 35.

1830 334 1903 406 ii&

1025 524 1097 584 rari,
1114 538 1214 591 parens
1234 520 1374 571 carissime
1388 523 1472 588 alque
1491 517 1717 576 amandemus,
1752 518 1842 571 Ριιί31
1861 526 1900 577 si-

1025 608 1137 679 quidem
1155 607 1281 675 exemplo
1294 603 1539 661 vociferationibus
1553 606 1688 667 consules,
1706 606 1901 662 multitudines

1025 704 1214 750 memorarunt
1224 695 1246 729 ³⁵
1263 710 1321 746 nou
1337 693 1410 745 iuste
1429 709 1473 744 res
1487 708 1549 744 snas
1562 706 1625 745 esse
1640 690 1808 759 divenditas3
1837 695 1901 748 aliis

1026 780 1235 852 possidentibus
1254 796 1286 834 se
1303 779 1406 832 fiscalia
1431 780 1525 833 tuerer
1546 778 1689 849 frequenti
1707 779 1829 851 denique
1849 782 1900 833 ols-

1026 867 1178 923 secratione
1194 865 1287 919 delata
1296 858 1453 920 ‘remedium
1464 864 1641 936 cupiverunt,
1652 864 1703 918 liis
1715 882 1808 919 samus
1819 868 1900 923 valde

1026 954 1162 1024 permoti,
1178 961 1305 1007 serentes
1322 952 1494 1007 ne‘alicuins
1512 950 1715 1006 calliditatibus
1732 954 1899 1008 adversabili

1027 1041 1214 1095 emolumento
1231 1042 1356 1111 persuasi
1375 1055 1416 1092 res
1437 1055 1500 1091 suas
1516 1039 1669 1094 venderent
1684 1040 1744 1095 sinc
1758 1057 1853 1109 censu,
1869 1060 1902 1098 ac

1027 1138 1090 1200 post
1117 1126 1241 1181 subsidia
1258 1134 1368 1180 nostrae
1392 1126 1613 1180 mansuetudinis
1634 1137 1825 1198 precarentur3
1847 1131 1901 1185 ita·

1028 1233 1082 1285 qne
1098 1215 1226 1267 versutiis
1252 1214 1413 1267 calliditatis
1434 1223 1589 1267 commenta
1608 1214 1807 1282 miscentibus,
1836 1218 1901 1270 dnm

1027 1301 1192 1354 insidiarum
1204 1302 1226 1336 ³⁶
1244 1301 1400 1354 fallentium
1416 1319 1473 1356 non
1488 1305 1659 1375 suspicamur
1671 1317 1776 1366 aroana,
1790 1320 1841 1372 pro
1856 1304 1901 1357 in·

1027 1389 1172 1441 nocentiae
1182 1396 1291 1440 nostrae
1303 1398 1400 1440 natura
1415 1397 1519 1441 ceteros
1533 1390 1719 1453 aestimantes,
1733 1390 1901 1445 detrimento

1027 1491 1123 1527 census
1140 1475 1295 1528 nocentis³⁷
1313 1474 1471 1529 levaremus.
1507 1476 1562 1528 ilas
1587 1477 1712 1542 fraudes,
1738 1476 1789 1530 bos
1813 1476 1902 1539 dolos,

1027 1564 1094 1614 istas
1114 1563 1257 1630 argutinsii
1273 1560 1334 1630 lege
1354 1561 1541 1632 prohibemus,
1559 1564 1758 1616 constitutione
1777 1563 1903 1618 excludi·

1027 1650 1138 1707 mns³⁹:.
1157 1649 1306 1702 etidcirco
1329 1650 1418 1702 iustae
1439 1650 1631 1719 providentiae
1649 1651 1774 1703 consulta
1793 1651 1903 1703 delibe-

1029 1737 1136 1789 ratione
1153 1736 1308 1799 sancimus,
1327 1744 1358 1787 ut
1375 1737 1489 1789 omnino
1510 1737 1591 1807 ιῙιιὶ40
1609 1742 1742 1806 conparat
1766 1737 1807 1787 rei
1838 1754 1905 1789 con·

1029 1832 1140 1892 paratae
1167 1824 1210 1874 ius
1242 1831 1387 1892 cognoscat
1414 1831 1443 1874 et
1473 1839 1585 1875 censum
1613 1825 1661 1886 ³¹,
1696 1840 1788 1893 neque
1821 1824 1906 1877 liceat

1029 1910 1113 1961 alicui
1137 1926 1194 1962 rem
1213 1910 1274 1961 sine
1298 1913 1417 1962 ειιιιιιι12
1444 1926 1594 1980 conparare
1615 1911 1658 1961 vel
1683 1912 1809 1964 rendere.
1847 1912 1903 1978 1ιι-Ι

1028 1997 1134 2064 spectio
1166 2003 1258 2048 autern
1294 1998 1406 2066 publiea
1427 1999 1452 2033 ⁴³
1480 1998 1526 2051 rel
1563 1997 1664 2050 fiscalis
1696 2013 1756 2050 esse
1790 1997 1906 2049 debebit
1924 1993 2000 2047 ses.

1030 2082 1082 2134 hac
1115 2083 1198 2150 lege,
1229 2089 1262 2133 ut
1292 2083 1317 2132 si
1352 2083 1461 2152 aliquid
1487 2084 1548 2136 sine
1584 2099 1667 2136 censu
1698 2084 1841 2146 venierit,
1877 2095 1906 2136 et

1028 2174 1093 2237 post
1111 2166 1145 2219 ab
1163 2169 1258 2237 aliquo
1280 2167 1481 2232 deferreturii,
1505 2168 1635 2222 venditor
1658 2170 1770 2240 quidem
1799 2187 1907 2240 posses·

1029 2257 1156 2318 sionem,
1181 2263 1344 2324 conparatos
1365 2256 1477 2308 veroid
1499 2256 1576 2326 quod
1598 2255 1676 2309 dedit
1694 2259 1815 2326 pretium
1842 2260 1906 2311 lisco

1029 2341 1187 2395 vindicante
1205 2341 1378 2411 deperdatit
1416 2340 1447 2392 ld
1465 2343 1550 2394 etism
1569 2343 1695 2395 volumus
1716 2344 1844 2397 omnibus
1862 2347 1905 2396 in-

1032 2427 1122 2480 timari
1141 2434 1252 2479 nostrae
1277 2427 1441 2480 elementiae
1461 2427 1630 2496 placuisseii
1647 2431 1786 2483 nerninem
1804 2430 1907 2485 debere

1029 2514 1064 2565 ad
1082 2512 1271 2565 venditionem
1293 2514 1332 2565 rei
1360 2512 1511 2566 cuiuslibet
1527 2514 1666 2568 adfectare
1684 2520 1746 2568 et⁴⁷
1774 2515 1904 2569 accedere

1030 2601 1084 2652 nisi
1105 2614 1138 2649 eo
1158 2606 1296 2667 tempore,
1314 2613 1370 2667 quo
1383 2600 1411 2633 *ὃ
1425 2599 1498 2651 inter
1517 2598 1689 2654 venditorem
1707 2609 1736 2652 ct
1753 2610 1903 2671 emptorem

1030 2690 1185 2736 contractus
1204 2683 1375 2736 sollemniter
1393 2684 1557 2755 explicatur,
1575 2693 1649 2738 certa
1668 2695 1697 2739 et
1713 2704 1777 2740 sera
1795 2691 1904 2758 propri·

1031 2779 1089 2823 etas
1107 2769 1205 2820 ricinis
1225 2769 1417 2838 praesentibus
1425 2770 1449 2806 ⁴⁹
1466 2771 1683 2840 demonstretur3
1703 2791 1791 2845 nsque
1808 2792 1841 2829 eo
1860 2775 1902 2826 le-

1031 2857 1070 2925 gis
1096 2855 1176 2906 istius
1203 2855 1332 2906 cautione
1360 2863 1487 2909 currente
1506 2859 1544 2920 ⁵⁰,
1573 2863 1605 2909 ut
1631 2861 1739 2915 etiamsi
1769 2862 1903 2914 subsellia

1029 2942 1089 3005 vel,
1112 2949 1143 2992 ut
1158 2941 1240 3011 rudgo
1260 2942 1357 3005 aiunt,
1380 2959 1491 2995 scamna
1517 2943 1691 3010 vendantur,
1716 2946 1903 3002 ostendendae

1030 3027 1207 3096 proprietatis
1226 3026 1353 3096 probatio
1380 3029 1544 3100 conplentur
1561 3033 1590 3078 ⁵¹.
1633 3032 1704 3085 Hinc
1722 3037 1826 3086 etenim
1845 3037 1904 3088 inr-

1030 3114 1073 3181 gia
1090 3114 1174 3165 rnulta
1192 3122 1351 3178 nascuntur,
1372 3116 1438 3168 irinc
1452 3116 1631 3187 proprietatis
1644 3118 1705 3169 iura
1723 3126 1903 3185 temerantur,

1029 3199 1096 3252 irinc
1118 3199 1247 3252 dominiis
1273 3203 1466 3254 retrrstissimis
1490 3203 1617 3256 molestia
1635 3213 1816 3275 conparatur,
1843 3227 1902 3260 cum

1029 3287 1160 3338 caecitate
1173 3302 1366 3355 praepropera,
1386 3297 1415 3340 et
1433 3291 1473 3339 rei
1492 3289 1673 3360 inquisitione
1688 3292 1820 3359 neglecta,
1840 3295 1902 3346 luce

1027 3373 1152 3428 veritatis
1170 3375 1279 3435 onrissa,
1296 3390 1348 3426 nec
1365 3376 1550 3444 perpetuitate
1570 3379 1688 3445 cogitata
1709 3378 1837 3443 dominii,
1854 3382 1902 3432 iu-

1030 3463 1067 3511 ris
1086 3461 1192 3511 ratione
1212 3461 1380 3530 postposita,
1401 3461 1436 3513 nd
1455 3464 1494 3515 rei
1514 3465 1739 3532 conparationem
1757 3465 1902 3522 accedunt,

1029 3547 1136 3598 omissis
1155 3547 1300 3608 omnibus,
1327 3548 1507 3600 dissimulatis
1526 3558 1609 3621 atque
1627 3551 1766 3621 neglectis,
1788 3553 1817 3604 id
1835 3570 1901 3624 pso-

1028 3638 1125 3700 perant
1139 3645 1221 3702 atquc
1232 3637 1264 3667 ⁵¹·
1274 3634 1417 3696 festinant,
1435 3645 1467 3688 ut
1479 3653 1591 3706 quoquo
1604 3638 1686 3691 modo
1697 3639 1832 3691 cuniculis
1849 3656 1899 3692 ne·

1026 3718 1083 3770 scio
1103 3719 1204 3788 quibus
1232 3722 1306 3771 inter
1328 3728 1477 3789 emptorem
1506 3730 1535 3775 et
1558 3724 1730 3777 venditorem
1754 3725 1898 3777 sollemnia

1025 3805 1214 3857 celebrentur:
1234 3822 1295 3857 cum
1317 3806 1396 3875 longe
1415 3809 1451 3858 sit
1469 3809 1587 3873 melius,
1610 3810 1692 3864 sicuti
1711 3812 1848 3875 diximus,
1868 3822 1899 3865 ut

1025 3888 1114 3941 lucem
1134 3892 1258 3943 veritatis
1276 3892 1341 3944 fidei
1362 3894 1535 3959 testimonio,
1554 3895 1667 3965 publica
1684 3914 1767 3963 uoce,
1787 3900 1897 3953 subcla-

1025 3976 1308 4047 matiouibuspopuli,
1326 3979 1442 4033 idoneus
1453 3981 1581 4035 venditor
1599 3982 1773 4052 adprobetii,
1792 3988 1897 4054 quosic

1026 4061 1267 4132 fclinconp'arator
1278 4078 1360 4136 atquc
1370 4069 1404 4101 ⁵¹*
1412 4083 1522 4119 securus
1532 4083 1600 4120 aevo
1614 4069 1745 4121 diuturno
1757 4071 1896 4137 persistat3

1023 4148 1098 4218 quod
1109 4166 1157 4218 pro
1165 4153 1259 4219 quiete
1267 4151 1712 4224 totiussuccessioniseloquimur,
1720 4154 1832 4207 neforto
1840 4156 1894 4208 ali.

1023 4237 1086 4307 quis
1094 4237 1222 4288 venditor
1233 4254 1310 4289 suurn
1323 4254 1382 4290 esse
1398 4238 1473 4291 dicat
1483 4238 1557 4310 quod
1568 4256 1627 4293 esse
1644 4247 1749 4294 constat
1764 4243 1895 4295 alienum.

1022 4322 1062 4371 lta
1072 4330 1243 4391 conparatos,
1255 4323 1325 4375 malo
1332 4324 1478 4379 venditore
1487 4323 1617 4390 deterior,
1625 4327 1750 4381 incautus
1760 4336 1788 4382 et
1797 4330 1894 4383 credu-

1023 4406 1074 4469 lus,
1084 4424 1145 4461 curn
1161 4411 1371 4462 testificantibus
1381 4411 1476 4464 ricinis
1487 4413 1578 4465 omnia
1591 4412 1693 4467 debeat
1702 4432 1843 4486 quaerere,
1857 4418 1892 4470 ab

1023 4495 1210 4549 universorum
1221 4496 1417 4568 disquisitione
1427 4498 1592 4564 dissimulet,
1611 4502 1742 4569 quoniam
1754 4505 1794 4557 sic
1812 4521 1891 4574 opor-

840 4622 927 4630 --—-.
933 4621 1244 4633 —q—o---o--m--m-
1250 4624 1297 4632 ...-
1307 4624 1478 4632 ..Q-ua...
1483 4625 1528 4633 ..-

104 4711 155 4779 aii)
170 4707 295 4761 Extrema
313 4708 396 4759 huius
414 4720 508 4756 versus
528 4720 590 4774 pars
607 4718 690 4754 vacua
709 4709 759 4760 est.
830 4702 893 4771 ηδ’)
912 4700 979 4760 bini.

104 4794 174 4834 corr.
192 4779 309 4832 inlicite.
379 4777 425 4846 aq)
443 4776 523 4827 Mai-s
544 4786 592 4828 est.
612 4772 716 4839 Quodsi
733 4809 740 4826 .
757 4807 765 4821 ·
784 4812 792 4828 .
810 4782 977 4831 numerares.

105 4851 202 4904 Etiam
213 4866 288 4901 stunc
300 4847 347 4899 rel.
385 4850 431 4916 30)
443 4848 516 4897 Haec
535 4844 709 4897 Constantini
727 4842 976 4896 constitutiotrun.

104 4928 166 4973 ests
187 4926 275 4969 essrat
293 4920 322 4969 in
343 4916 441 4968 't'heod
469 4914 536 4971 Cori.
552 4917 616 4979 epit
638 4914 668 4963 1..
689 4929 704 4964 a
733 4911 767 4963 de
785 4917 869 4962 contr.
891 4918 974 4978 enrpt.

104 4989 145 5058 (3,
169 4990 203 5054 ι.)
220 4989 350 5055 inscripta
371 4990 462 5039 const.
473 4991 503 5039 A.
513 4983 552 5036 od
564 4984 744 5053 Gregorr'nm,
759 4983 807 5053 qui
825 4982 863 5033 i'f.
876 4981 901 5031 Ρ.
920 4980 975 5034 fuit

105 5074 130 5108 a.
151 5060 213 5113 336.
226 5066 255 5107 et
273 5057 409 5128 sequenti.
453 5056 597 5126 3ι)11.ιίι
618 5054 735 5106 eltutus.
772 5053 818 5119 ia)
837 5052 870 5107 V·
890 5049 970 5104 idem.

104 5130 152 5197 33)
169 5129 317 5182 sollemnis
348 5126 433 5180 Praei.
459 5133 543 5194 praet.
575 5122 736 5191 alloquendi
767 5122 891 5173 formula.
937 5121 970 5172 V.

63 5203 66 5206 ’
102 5216 132 5272 p.
157 5198 182 5253 Ιι.
203 5212 232 5252 nt
254 5240 261 5254 .
285 5217 311 5250 n.
329 5216 358 5253 n.
381 5199 559 5248 Posteriorem
579 5194 672 5259 sigism
702 5192 857 5259 augustalis
880 5191 970 5257 expli-

104 5278 213 5322 nnrerat
250 5270 301 5333 ai.;
322 5267 418 5319 sedin
440 5264 634 5316 additamentis
661 5262 786 5314 correxit.
870 5261 915 5327 34)
936 5260 969 5311 V.

102 5341 190 5410 poris.
306 5339 352 5406 35)
389 5337 422 5392 V.
449 5334 647 5389 memorabunt.
682 5331 748 5386 bisi.
773 5332 970 5388 memorabunt.

1014 4702 1091 4770 legi
1120 4721 1144 4755 a.
1174 4703 1201 4753 C.
1231 4704 1251 4754 1.
1281 4705 1341 4755 sine
1364 4720 1447 4757 censu
1471 4705 1514 4756 vel
1540 4707 1588 4760 rel.
1617 4707 1693 4760 fund.
1720 4725 1808 4779 comp.
1835 4728 1891 4766 nors

1024 4788 1104 4840 posse
1128 4776 1167 4841 (4,
1186 4775 1239 4844 dp.)
1268 4775 1296 4824 in
1322 4775 1375 4825 fine
1401 4776 1512 4833 adiecit,
1608 4778 1654 4846 41)
1680 4777 1704 4827 Τ
1707 4778 1735 4837 h.
1760 4782 1791 4833 C.
1823 4800 1890 4835 cen-

1023 4861 1081 4895 sum
1099 4845 1141 4896 rei
1159 4857 1338 4913 comparatae
1358 4860 1514 4917 cognoscat.
1607 4851 1652 4916 lia)
1672 4848 1724 4907 Th.
1745 4850 1772 4902 C.
1794 4853 1890 4904 inserit

1023 4914 1077 4964 vel.
1183 4915 1229 4983 43)
1256 4914 1297 4963 Ita
1315 4913 1367 4967 Tb.
1388 4917 1434 4976 (λς
1462 4915 1493 4965 V.
1517 4915 1654 4986 publicae.
1691 4920 1755 4971 illai.
1769 4921 1888 4988 publica.

1023 4984 1069 5049 44)
1087 4981 1138 5033 Tb.
1153 4982 1183 5039 C.
1196 4997 1222 5037 st
1240 4982 1271 5035 s'd
1288 4986 1323 5037 nb
1343 4984 1440 5056 aliquo
1458 4983 1608 5059 deferetur.
1643 4990 1690 5057 45)
1709 4987 1760 5039 Tb.
1780 4990 1808 5040 C.
1825 5007 1890 5059 per·

1021 5050 1079 5103 dut.
1150 5053 1265 5122 46)’11ι.
1293 5056 1321 5106 C.
1341 5053 1374 5105 s'd
1390 5056 1474 5108 etiam
1487 5058 1604 5127 placuit.
1665 5056 1763 5126 471111
1783 5057 1810 5110 C.
1832 5076 1888 5112 non

1019 5121 1322 5191 habetndfectnreet„
1435 5127 1481 5196 43)
1521 5125 1697 5190 ltaTb.C.;
1734 5127 1764 5176 V.
1798 5146 1886 5198 quom.

1020 5191 1127 5259 49)’1“1ι
1155 5193 1182 5240 C.
1202 5210 1221 5244 n
1240 5195 1354 5246 vicistis.
1426 5197 1472 5265 50)
1492 5197 1542 5249 'l‘h¹
1564 5199 1594 5252 C.
1614 5195 1785 5250 decurrente.
1841 5201 1887 5270 51)

1021 5261 1063 5311 ita
1094 5260 1146 5316 tt.
1175 5261 1222 5327 C.;
1245 5262 1278 5312 V.
1308 5265 1453 5333 conpletur
1487 5274 1514 5318 et
1549 5283 1612 5316 mon
1634 5281 1777 5334 perperam
1804 5265 1886 5324 bunc.

1022 5331 1170 5401 Sequentia
1192 5334 1220 5382 in
1243 5333 1295 5384 Tb.
1318 5333 1347 5385 C.
1367 5337 1395 5385 in
1420 5337 1491 5387 lianc
1510 5336 1623 5388 formans
1646 5334 1783 5387 contracta
1808 5348 1889 5392 ssrnt:

105 5412 152 5479 36)
176 5409 204 5456 V.
226 5411 378 5461 insuarnm.
450 5408 495 5475 37)
534 5407 572 5457 lta
593 5404 621 5455 V.
643 5413 849 5471 prouocantes.
923 5405 971 5462 38)
1017 5401 1075 5454 Nec
1088 5403 1316 5469 interemptorem
1325 5416 1351 5456 et
1363 5404 1534 5458 venditorem
1548 5406 1692 5458 sollemnia
1702 5407 1731 5456 in
1741 5410 1889 5479 exquisitis

105 5477 137 5526 ἵ.
157 5481 303 5547 negrisitas.
409 5477 454 5544 39)
494 5475 533 5528 ita
552 5473 616 5522 ilai.
636 5488 711 5540 prop.
737 5500 772 5513 -
790 5471 821 5521 V.
840 5470 970 5524 sexlnds's.

105 5548 153 5616 4ο)
176 5549 267 5600 Priora
285 5547 315 5603 t.
333 5563 357 5601 s.
375 5544 426 5596 Th.
439 5545 467 5597 C.
486 5547 531 5596 cit.
553 5542 645 5603 verba,
664 5557 735 5611 quae
756 5548 784 5593 et
802 5542 971 5594 lastinianus

1020 5472 1159 5525 cuniculis
1175 5472 1366 5537 celebrentur,
1392 5475 1637 5545 sedfrondnientn
1662 5473 1788 5530 venditio
1806 5481 1888 5546 persi·

1019 5553 1064 5594 rus
1078 5544 1186 5611 sepulta
1203 5539 1340 5612 depereat.
1374 5541 1566 5614 5“·)1Ι.ιιιὶι)ιιι.
1606 5543 1688 5612 Salv.
1710 5543 1886 5618 adprobatur.
