4560 6562
367 365 457 434 ¹135

386 540 414 591 iu
426 555 458 590 ea
473 544 574 596 autem,
589 552 661 604 quae
674 551 803 605 praesens
822 534 901 586 reddi
919 535 999 594 solet,
1019 541 1128 585 tantum
1146 550 1179 584 ea
1198 532 1258 583 iru-

385 624 475 676 etibus
498 622 613 675 iubetur
639 620 770 681 reddere,
796 628 931 688 qsrautum
955 620 984 670 iu
1009 619 1057 668 illa
1085 617 1165 678 dote,
1184 633 1258 686 qssae

387 708 507 760 triennio
526 708 549 741 ‘⁷
567 705 709 768 redditur,
728 706 948 774 repraesentatio
967 704 992 737 ⁴⁸
1010 704 1084 756 facit.

437 794 459 860 5.
481 791 520 847 14.
556 795 745 858 impensarum
764 790 788 824 ⁴⁹
806 791 909 858 species
934 796 1000 840 sunt
1025 796 1093 839 tres:
1113 796 1163 839 aut
1181 789 1254 838 euim

384 879 552 931 necessariae
586 875 732 937 dicuntur,
762 884 812 925 ant
847 874 945 933 utiles,
978 881 1027 923 aut
1062 873 1254 942 voluptuosae.

383 966 467 1033 51⁵.
504 963 680 1014 Necessariae
711 967 778 1011 sunt
805 960 949 1028 inpensae,
974 957 1077 1027 quibus
1099 975 1154 1009 non
1175 960 1254 1010 sactis

382 1050 431 1101 dos
460 1048 581 1100 deterior
614 1046 709 1096 sutura
736 1054 808 1095 esset
835 1047 872 1104 ⁵⁰,
896 1045 974 1095 reiut
997 1044 1020 1093 si
1044 1045 1106 1112 quis
1129 1045 1256 1094 ruinosas

382 1134 463 1187 aedes
482 1133 617 1185 refecerit.
654 1131 678 1197 5.
698 1130 737 1183 16.
775 1128 860 1179 Utiles
879 1135 960 1189 sunt,
979 1127 1082 1195 quibus
1101 1144 1157 1178 non
1175 1129 1255 1179 iactis

380 1218 494 1289 quidem
519 1217 640 1268 deterior
665 1213 713 1265 dos
740 1230 796 1265 non
814 1213 896 1279 fieret
922 1214 957 1274 ⁸¹,
976 1213 1054 1263 iactis
1083 1222 1174 1264 autem
1194 1213 1255 1293 iro:

381 1307 504 1357 ctuosior
524 1307 618 1354 effecta
637 1307 694 1362 est,
720 1298 808 1351 veluti
834 1300 857 1350 si
882 1299 976 1349 uineta
1000 1307 1030 1350 et
1054 1298 1156 1349 oliveta
1183 1299 1256 1348 iece-

380 1392 425 1445 m't.
446 1391 468 1457 5.
484 1390 524 1441 ii.
543 1387 736 1454 voluptuosae
753 1391 828 1445 stant,
847 1382 950 1451 quibus
969 1398 1061 1451 neque
1080 1385 1186 1435 omissis
1204 1383 1253 1434 de-

381 1477 465 1527 terior
492 1473 540 1524 dos
567 1473 661 1532 tieret,
684 1485 775 1538 neque
795 1468 874 1519 sactis
894 1468 1062 1519 fructuosior
1081 1472 1176 1520 effecta
1194 1477 1253 1532 est,

380 1559 460 1630 quod
480 1562 501 1594 ⁸²
522 1559 615 1610 evenit
637 1559 666 1608 in
684 1554 832 1608 viridiariis
845 1561 872 1605 et
886 1554 1002 1622 picturis
1019 1555 1042 1587 ⁸¹
1058 1554 1253 1623 similibusque

381 1645 472 1698 rebus.

727 1709 741 1735 Ο
811 1708 823 1734 ί
893 1707 906 1731 Ι

459 1814 525 1857 ΠΤ.
553 1813 612 1856 ΠΙ.
672 1811 714 1852 DE
742 1810 815 1851 tutte
842 1806 1055 1850 bonariorum
1081 1808 1175 1849 tunna

650 1913 752 1956 vtantt
779 1913 820 1953 E'l'
847 1910 983 1953 UXOREM.

420 2002 443 2072 5.
464 2008 486 2059 1.
505 2005 581 2057 luter
598 2002 687 2054 virum
706 2009 735 2052 et
754 2016 867 2052 risorem
886 1998 999 2050 donatio
1017 2015 1074 2050 non
1092 1997 1180 2060 valet,
1199 1997 1252 2049 nisi

379 2092 460 2143 tertis
487 2107 521 2142 er
546 2089 653 2149 causis,
678 2086 707 2138 id
731 2094 772 2137 est
790 2086 885 2137 mortis
905 2101 1001 2146 causa,
1022 2083 1137 2136 divortii
1154 2099 1253 2144 cansa,

381 2178 450 2229 servi
475 2172 688 2226 manumittendi
714 2171 808 2241 gratia.
835 2170 893 2220 Hoc
912 2170 1030 2237 amplius
1049 2168 1250 2238 principalibus

244 2266 301 2322 193.
312 2265 357 2331 bs.
377 2259 638 2324 connstitutionibus
658 2273 817 2309 concessum
837 2264 879 2306 est
895 2255 1006 2306 suulieri
1028 2255 1057 2305 in
1075 2253 1128 2305 hoc
1148 2252 1250 2304 donare

379 2350 437 2400 viro
461 2364 528 2407 suo,
556 2352 587 2395 ut
612 2345 634 2394 is
660 2343 695 2394 ab
728 2344 894 2410 imperatore
919 2340 978 2391 lato
1004 2339 1081 2393 claro
1108 2339 1151 2391 sel
1176 2354 1270 2407 equo>

378 2433 492 2502 publico
511 2431 627 2483 similive
645 2428 751 2480 bonore
769 2426 929 2477 honoretur.

807 2530 820 2555 ί
888 2527 902 2554 fl

411 2605 434 2672 5.
452 2603 477 2655 2.
497 2601 526 2653 Si
544 2599 659 2651 maritus
678 2596 794 2650 divortii
809 2612 891 2647 eausa
909 2611 950 2647 res
970 2595 1087 2649 moverit
1111 2595 1145 2629 ⁸⁸·
1159 2610 1251 2647 rernm

378 2704 491 2759 quoque
509 2694 663 2737 amotarum
681 2683 791 2734 actione
809 2680 957 2733 tenebitur.

413 2817 477 2884 Μ
515 2813 544 2864 si
562 2812 675 2863 maritus
694 2827 745 2880 pro
770 2811 888 2862 muliere
911 2826 939 2862 se
963 2808 1129 2878 obligaverit
1152 2807 1197 2860 vel
1221 2808 1250 2859 io

377 2917 433 2953 rem
460 2901 519 2952 eius
545 2896 719 2967 inpenderit,
740 2894 859 2947 divortio
886 2896 959 2946 iacto
986 2911 1019 2946 eo
1038 2895 1148 2945 nornine
1168 2908 1249 2945 cave·

378 3003 406 3038 re
424 2985 478 3038 sibi
496 2984 568 3038 solet
587 2975 623 3016 ⁸⁸¹³
641 2982 823 3051 stipulatione
843 2979 1001 3032 tribunicia.

429 3111 453 3178 5.
470 3111 497 3167 d.
533 3111 565 3160 ln
584 3116 721 3178 potestate
739 3117 885 3177 parentum
904 3115 969 3160 sunt
987 3108 1069 3159 etiarn
1094 3104 1124 3158 hi
1151 3105 1249 3165 liberi,

379 3213 499 3267 quorum
526 3211 607 3246 cansa
628 3193 649 3228 ⁵⁸
668 3193 785 3264 probata
811 3202 866 3254 est,
891 3211 940 3263 per
963 3210 1083 3245 errorem
1107 3199 1249 3243 contracto

378 3282 552 3333 matrimonio
571 3280 642 3329 inter
662 3277 779 3348 disparis
799 3278 969 3330 condicionis
988 3295 1118 3348 personas
1140 3279 1175 3328 ⁵³:
1187 3294 1250 3327 nam

378 3383 427 3418 seu
456 3367 491 3399 ⁸⁵·
521 3364 586 3415 ciuis
612 3365 748 3415 Romanus
778 3365 903 3415 Latinam
928 3372 977 3415 aut
1009 3362 1180 3434 peregrinam
1207 3363 1250 3413 uel

378 3468 454 3513 earn,
473 3465 545 3519 quae
564 3448 759 3500 dediticiorum
778 3443 893 3501 numero
912 3457 962 3512 est,
981 3449 1061 3517 quasi
1090 3443 1187 3517 [cs'vern
1211 3446 1249 3519 ⁵⁶]

382 3553 430 3605 per
454 3535 637 3604 ignorantiam
664 3551 776 3585 uxorem
801 3533 926 3596 duxerit,
954 3536 1011 3586 sive
1036 3533 1101 3585 civis
1130 3535 1251 3584 Romana

379 3638 427 3692 per
446 3637 565 3672 errorem
593 3621 738 3688 peregrino
763 3618 807 3670 vel
834 3620 876 3681 ei,
901 3620 951 3688 qni
977 3617 1172 3670 dediticiorum
1197 3635 1251 3668 nu-

380 3721 456 3758 mero
482 3712 537 3765 est,
566 3700 659 3773 [quusi
680 3705 736 3756 ciui
758 3704 914 3772 Ilomuno,]
939 3712 988 3754 aut
1018 3705 1100 3755 etiam
1124 3703 1204 3773 quasi
1230 3704 1253 3736 ⁸⁷

379 3791 477 3842 Latino
501 3805 534 3840 ex
561 3789 621 3858 lege
647 3789 725 3839 delia
745 3788 841 3839 Sentio
861 3788 949 3839 nubta
968 3789 1065 3850 fuerit,
1085 3805 1166 3839 causa
1184 3804 1251 3858 pro-

378 3875 443 3926 bata
462 3874 557 3926 civitas
573 3875 698 3924 llomuno
712 3872 796 3925 datur
810 3875 833 3907 ⁸⁸
850 3882 905 3925 tam
922 3873 1031 3934 liberis,
1050 3891 1132 3942 quaro
1151 3889 1252 3943 paren-

378 3959 473 4022 tibus,
497 3967 605 4027 praetcr
624 3975 684 4020 eos,
705 3961 754 4028 qui
774 3958 966 4011 dediticiorum
985 3976 1101 4017 numero
1120 3965 1199 4022 sunt,
1224 3966 1252 4008 et

378 4062 410 4098 es
430 4062 462 4098 co
481 4046 554 4097 iiuut
572 4046 601 4096 in
620 4051 757 4113 potestate
777 4053 921 4113 parentum
940 4044 1031 4100 liberi.

546 4163 610 4204 'rt'n
639 4161 713 4202 vlit.
762 4162 803 4202 DE
832 4160 1081 4205 snoentontnoS.

429 4254 455 4320 5.
474 4254 498 4307 i.
528 4250 589 4303 Non
609 4258 717 4301 tantum
736 4250 876 4301 naturales
896 4249 977 4302 liberi
997 4252 1026 4302 in
1045 4256 1181 4319 potestate
1199 4264 1250 4318 pa·

377 4346 486 4390 rentiam
505 4344 580 4400 siant,
598 4334 647 4388 aed
665 4336 747 4386 etiam
767 4333 901 4403 adoptivi.
921 4336 945 4402 5.
964 4337 989 4389 2
1008 4335 1131 4402 Adoptio
1150 4335 1182 4386 iit
1200 4341 1250 4386 aut

378 4440 428 4495 per
447 4421 599 4491 populum,
624 4430 673 4471 aut
697 4436 745 4488 per
768 4429 923 4488 praetorem
946 4421 989 4472 vel
1012 4418 1165 4489 praesidem
1183 4436 1250 4489 pro·

377 4508 491 4562 vinciae.
528 4507 580 4558 llla
598 4505 727 4575 adoptio,
746 4521 819 4575 quae
837 4521 886 4575 per
911 4506 1046 4575 populum
1071 4507 1118 4569 iit,
1141 4507 1251 4573 specia-

375 4702 414 4767 ll)
440 4702 550 4770 Optime
574 4700 644 4768 Hug.
664 4700 733 4750 coni.
754 4701 785 4750 ln
807 4699 834 4750 C.
855 4708 882 4751 et
898 4698 966 4750 Edd.
988 4706 1030 4750 est
1043 4697 1248 4817 guadrieunio.

374 4770 409 4836 ⁴⁸)
429 4771 470 4821 lta
491 4769 638 4837 [probante
658 4767 766 4835 Schill]
792 4768 854 4819 edd.
873 4767 1025 4818 nonnullae
1066 4769 1186 4820 uiaeium
1205 4786 1249 4819 se-

374 4847 463 4891 cutae.
481 4838 530 4889 sed
548 4838 577 4888 tl.
596 4846 625 4887 et
643 4837 674 4888 ll.
694 4839 867 4906 repensatis.
883 4836 919 4902 ⁴⁹)
938 4834 967 4886 C.
985 4836 1186 4905 depensuram.
1215 4839 1248 4903 ω)

376 4909 417 4958 lta
445 4907 492 4969 H.;
535 4906 563 4956 C.
596 4913 624 4957 ct
647 4904 714 4957 Edd.
740 4913 806 4957 vett.
831 4918 880 4955 ess.
919 4905 956 4969 ⁸¹)
981 4905 1014 4954 ll.
1038 4921 1070 4955 ex
1096 4905 1249 4957 Maresollii

374 4976 459 5037 coni,
478 4973 506 5025 C.
526 4983 554 5025 et
572 4976 669 5024 ceteri:
681 4976 786 5040 siseris.
812 4974 846 5039 ⁵²)
865 4972 894 5023 C.
912 4989 995 5040 quoe.
1018 4973 1053 5042 ⁸⁸)
1072 4972 1132 5024 Cui
1152 4973 1200 5038 ll,
1221 4971 1250 5025 C.

371 5045 504 5112 ps'etorr's,·
523 5043 646 5123 reliquae
665 5041 732 5093 edd:
751 5043 886 5110 pistoriis.

415 5111 476 5180 [‘³·)
495 5112 615 5180 begarius
636 5110 712 5179 quod
732 5108 838 5164 Schult.
858 5110 1013 5178 proposuit,
1032 5108 1128 5162 Selrill.
1145 5109 1250 5179 proba·

371 5180 419 5240 vlt,
430 5182 575 5230 amoverit.
596 5181 639 5248 lig.
661 5173 708 5245 531’)
719 5178 748 5229 C.
761 5179 873 5243 soient]
895 5179 931 5242 ⁵⁸)
942 5178 1071 5247 llollweg.
1085 5179 1158 5229 vult:
1177 5196 1249 5248 qne·

373 5266 435 5298 runs
446 5250 559 5300 nomine
569 5266 663 5300 ceraso.
683 5248 723 5298 Cf.
734 5245 804 5298 Coll.
819 5246 922 5301 xvia
944 5247 980 5312 ιὅ)
989 5247 1068 5301 Coni.
1080 5247 1139 5298 Cui.
1151 5248 1183 5298 H.
1201 5247 1252 5298 En

372 5317 401 5368 iu
421 5315 450 5368 C.
468 5314 595 5384 dispares
614 5314 766 5383 condignis
783 5317 958 5382 personanti.
995 5314 1101 5383 Vulgo:
1120 5315 1163 5366 dis
1184 5332 1248 5366 ares

372 5383 537 5436 corers'ts'one
546 5401 692 5452 personas.
712 5382 773 5451 [⁸⁵“l
787 5383 856 5451 Lege
866 5386 932 5434 sive.
944 5384 1002 5452 1ng
1022 5383 1142 5448 ⁸⁸)C0nl.
1174 5420 1181 5433 .
1192 5384 1215 5435 F
1216 5400 1247 5434 a·

373 5453 431 5514 ber,
450 5454 511 5503 Cui.
526 5452 602 5520 prob
621 5450 819 5518 {addiderimus
832 5451 997 5503 domanam.
1013 5453 1034 5503 B
1053 5489 1059 5502 .
1076 5451 1154 5523 quod
1166 5452 1246 5521 prob.

371 5519 477 5591 scunt}
505 5520 534 5572 C.
559 5528 588 5572 et
606 5519 673 5571 Edd.
692 5520 827 5572 omittunt
844 5523 936 5571 ss'rerrr.
975 5522 1009 5583 ⁸²)
1027 5469 1068 5572 di.
1088 5520 1148 5571 Gai.
1168 5524 1187 5572 l.
1206 5522 1249 5575 68.

372 5587 477 5658 Vulgo:
495 5601 547 5648 est,
565 5600 616 5641 out
634 5591 718 5639 etiam
736 5590 775 5650 si,·
793 5586 876 5641 C.est
888 5599 939 5639 aut
952 5590 1138 5658 utrumquem.
1156 5589 1249 5655 [uou-

372 5659 496 5728 ssegiuur,
515 5656 593 5725 prob.
608 5655 714 5718 satist..
733 5663 844 5708 secutus
855 5673 924 5709 sum.
939 5656 997 5728 lig]
1017 5655 1167 5711 Goescben
1182 5670 1249 5711 surs-

653 347 854 427 unruuu
879 343 1314 421 insomniorum
1330 344 1438 419 nr.
1465 348 1523 419 vr.
1550 351 1720 442 prr...
1747 347 1793 422 x.
1820 353 1852 442 s.
1881 352 1918 426 r.

2113 355 2187 425 136

1309 533 1373 584 liter
1387 532 1529 601 arrogatio
1547 529 1663 589 dicitnr.
1689 533 1757 600 53.
1781 535 1832 584 Per
1851 535 1986 602 populum
2007 534 2056 603 qui
2075 537 2119 586 sui
2139 535 2185 584 iu-

1308 621 1345 670 ris
1369 625 1435 669 sum
1458 625 1636 687 arrogantur,
1660 635 1711 686 per
1733 628 1888 687 praetorem
1915 629 2006 670 autem
2032 620 2082 670 tilii
2103 620 2185 672 ismi-

1306 703 1360 755 liae
1376 704 1389 771 ΙΙ
1404 720 1420 753 a
1438 702 1600 772 parentibus
1620 702 1723 754 dantur
1741 706 1770 755 in
1788 705 1975 773 adoptionem.
1996 708 2020 772 5.
2040 705 2066 759 d.
2093 707 2180 756 Arro-
2200 705 2274 762 stt..

1305 790 1380 858 gotio
1406 790 1506 840 Romae
1532 800 1641 839 tantum
1667 789 1689 826 ⁵⁹
1713 789 1758 854 fit3
1782 789 1897 857 adoptio
1926 799 2017 840 auteur
2043 790 2127 844 etiarn
2154 792 2184 841 in

1305 874 1449 943 provincia
1467 874 1543 943 apud
1561 874 1700 944 praesides
1727 875 1757 923 ἢ.
1790 877 1814 942 5.
1833 878 1859 930 5.
1897 876 1946 926 Per
1963 884 2120 942 praetorem
2140 877 2184 926 ael

1305 958 1460 1028 praesidem
1483 961 1643 1029 provinciae
1668 958 1795 1028 adoptari
1821 961 2015 1033 tarn-masculi
2038 978 2121 1028 quam
2141 961 2183 1012 ie·

1306 1045 1411 1107 minae,
1444 1052 1473 1096 et
1509 1052 1564 1096 tarn
1594 1043 1717 1115 puberes
1751 1061 1834 1114 qsranr
1872 1044 2020 1112 inpuberes
2053 1055 2180 1114 possunt.

1304 1145 1353 1199 per
1372 1129 1508 1198 populum
1523 1145 1588 1183 vero
1605 1131 1757 1187 Romanurn
1776 1130 1891 1180 feminae
1912 1129 2034 1198 {quidem
2055 1131 2101 1191 ⁶⁰¹1
2125 1148 2182 1181 non

1305 1222 1479 1284 arrogantur.
1497 1213 1600 1283 pupilli
1618 1222 1704 1265 antea
1728 1214 1751 1249 ⁶¹
1772 1214 1887 1284 quidem
1913 1232 1970 1265 non
1987 1223 2118 1283 poterant
2136 1233 2182 1268 ar·

1306 1302 1410 1369 rogari3
1442 1316 1518 1351 nune
1549 1307 1642 1350 autern
1671 1306 1789 1367 possunt
1819 1317 1853 1350 es
1888 1302 2089 1352 constitutione
2122 1301 2180 1353 diri

1305 1385 1449 1440 Antonini.
1485 1383 1509 1449 5.
1527 1384 1552 1437 6.
1590 1385 1639 1445 lli,
1659 1385 1709 1454 qui
1726 1401 1856 1455 generare
1874 1402 1931 1436 nou
1948 1394 2082 1453 possunt,
2101 1386 2181 1437 velut

1305 1468 1407 1539 spado,
1425 1478 1546 1539 utroque
1562 1468 1643 1519 modo
1659 1477 1776 1537 possunt
1797 1469 1833 1504 ⁶¹¹
1851 1469 1993 1538 adoptare.
2019 1470 2092 1521 idem
2112 1472 2181 1523 iuris

1305 1564 1347 1607 est
1365 1556 1393 1605 in
1418 1570 1535 1624 persona
1561 1552 1677 1604 coelibis
1701 1555 1731 1605 ⁸².
1768 1556 1793 1622 5.
1817 1558 1840 1609 7.
1878 1557 1946 1607 ltem
1964 1557 2003 1618 is,
2022 1558 2070 1625 qui
2092 1557 2183 1608 tilium

1306 1656 1363 1691 nou
1381 1638 1480 1701 habet,
1499 1642 1528 1690 in
1547 1639 1638 1690 locum
1656 1641 1766 1708 nepotis
1785 1639 1918 1709 adoptare
1937 1649 2039 1710 potest.
2063 1643 2087 1709 5.
2106 1642 2131 1694 6
2151 1642 2181 1692 Si

1307 1733 1385 1794 pater
1404 1725 1523 1777 familiae
1542 1723 1727 1793 arrogandum
1745 1741 1774 1776 se
1793 1725 1914 1788 dederit,
1949 1726 2031 1778 liberi
2064 1742 2180 1797 qnoque

1306 1812 1366 1861 eius
1380 1811 1460 1880 quasi
1472 1818 1588 1879 nepotes
1603 1811 1632 1860 in
1650 1817 1787 1879 potestate
1807 1811 1880 1862 liunt
1898 1814 2074 1879 arrogatoris.
2094 1812 2120 1879 5.
2140 1811 2181 1864 sa.

1304 1896 1434 1947 Feminae
1443 1912 1508 1948 vero
1524 1903 1624 1947 neutro
1642 1895 1724 1947 modo
1742 1904 1861 1964 possunt
1879 1895 2026 1966 adoptare;
2046 1899 2180 1965 quonian

1306 1996 1357 2034 nec
1375 1980 1516 2036 naturales
1534 1981 1638 2033 liberos
1657 1982 1685 2032 in
1704 1987 1843 2050 potestate
1861 1981 1973 2033 babent.

1366 2099 1430 2140 arr.
1461 2098 1503 2141 ιι.
1556 2099 1598 2139 na
1626 2099 1678 2140 urs
1711 2100 1768 2156 our
1797 2066 1822 2104 ⁸⁸
1850 2100 1884 2141 rra
1912 2098 1999 2142 nasu
2029 2100 2119 2142 suar.

1650 2189 1664 2215 O
1733 2187 1745 2213 Ι
1815 2188 1828 2213 O

1358 2252 1459 2305 Farreo
1496 2252 1519 2290 ⁶⁸
1553 2257 1683 2307 convenit
1720 2273 1792 2306 uxor
1825 2254 1849 2291 ⁸⁸
1883 2255 1912 2306 iu
1947 2272 2057 2308 manum
2095 2254 2177 2306 certis

1301 2337 1391 2392 verbis
1416 2347 1443 2391 et
1467 2338 1586 2392 testibus
1610 2340 1632 2392 Χ
1655 2339 1864 2410 praesentibus,
1889 2347 1917 2391 et
1941 2340 2066 2391 sollemni
2094 2341 2173 2391 sacri·

1303 2425 1366 2476 ticio
1385 2422 1473 2487 iacto,
1492 2425 1521 2475 in
1539 2442 1596 2493 quo
1614 2427 1693 2494 panis
1711 2442 1825 2496 quoque
1844 2426 1947 2477 iarreus
1965 2425 2122 2479 adhibetor.

1302 2677 1366 2722 err.
1392 2678 1423 2723 x.
1457 2679 1514 2736 Qus
1544 2678 1579 2723 us
1605 2678 1786 2722 romsrsrr
1811 2645 1854 2688 ⁶⁵⁸
1881 2677 2079 2724 nsacrrrovr.
2108 2679 2188 2722 susr

1406 2782 1658 2840 ounnanssonurs
1683 2784 1724 2827 no
1743 2785 1826 2851 ⁴sumu
1855 2784 2063 2827 crassenses.

1329 2879 1359 2952 ¹5.
1378 2891 1401 2941 i.
1422 2887 1516 2939 Liberi
1528 2896 1676 2958 parentum
1690 2895 1829 2957 potestate
1846 2887 2000 2941 liberantur
2019 2888 2177 2958 emancipa-

1302 2972 1393 3036 tione,
1417 2971 1447 3024 id
1474 2981 1516 3026 eat
1533 2975 1573 3036 si,
1591 2982 1787 3045 posteaquam
1804 2975 1954 3044 mancipati
1972 2973 2091 3035 inerint,
2119 2989 2179 3025 ma·

1302 3060 1417 3111 numissi
1429 3060 1500 3112 sint.
1519 3057 1569 3110 sed
1583 3060 1658 3111 iilius
1677 3059 1790 3128 quidem
1809 3068 1852 3111 ter
1870 3059 2059 3127 mancipatus,
2080 3065 2121 3110 ter
2141 3052 2178 3094 ‘⁵⁵

1301 3141 1564 3209 manumissusllsui
1581 3144 1652 3195 iuris
1674 3144 1723 3208 itt
1755 3145 1785 3196 id
1807 3146 1882 3197 euim
1907 3144 1931 3191 6⁶
1957 3145 2001 3196 les
2027 3142 2175 3194 duodecim
2195 3142 2274 3207 witi

1301 3227 1463 3279 tabularum
1485 3227 1568 3281 iubet
1590 3227 1631 3279 tus
1657 3227 1762 3281 verbis:
1782 3245 1804 3281 ss
1825 3242 1913 3281 esraa
1936 3245 2037 3281 sisausa
2055 3246 2105 3280 rsa
2125 3245 2178 3280 vs·

1304 3329 1448 3366 rusnsvsr
1471 3312 1503 3375 ⁸²,
1522 3329 1614 3366 rssrns
1633 3331 1650 3366 s
1670 3330 1754 3369 esras
1771 3332 1850 3367 sassa
1866 3332 1933 3367 asro
1949 3315 1996 3365 ⁶²⁸.
2015 3314 2099 3365 ceteri
2124 3330 2178 3367 au·

1303 3406 1358 3451 tem
1384 3398 1466 3450 liberi
1491 3405 1601 3466 praeter
1629 3398 1734 3461 illium,
1761 3407 1817 3451 tarn
1843 3400 1958 3453 masculi
1985 3415 2070 3470 quam
2096 3400 2177 3451 serni-

1303 3501 1368 3546 nae,
1396 3500 1450 3534 una
1476 3484 1680 3552 mancipatione
1698 3485 1971 3555 manumissioneque
1990 3488 2033 3537 sui
2052 3486 2122 3539 iuris
2143 3485 2176 3536 ii·

1304 3577 1365 3625 unt.
1398 3567 1421 3634 5.
1439 3572 1466 3624 2.
1494 3568 1585 3620 Morte
1607 3569 1694 3637 patris
1719 3570 1793 3621 iilius
1813 3579 1841 3621 et
1860 3570 1916 3622 iilia
1935 3573 1979 3622 sui
1998 3571 2064 3622 iuris
2088 3570 2177 3622 liunt:

1303 3661 1391 3711 rnorte
1417 3662 1508 3707 autem
1534 3655 1578 3707 avi
1603 3662 1717 3724 nepotes
1741 3656 1781 3706 iss
1808 3655 1918 3707 demum
1937 3657 1982 3709 aui
2002 3656 2069 3706 iuris
2088 3656 2179 3717 dunt,

1302 3742 1326 3792 si
1352 3747 1549 3808 postmortem
1574 3739 1617 3790 ari
1650 3740 1680 3791 in
1711 3747 1849 3809 potestate
1881 3742 1968 3809 patris
1997 3740 2086 3792 futuri
2119 3758 2176 3793 non

1303 3833 1384 3887 suut,
1403 3825 1481 3878 velut
1498 3825 1521 3876 si
1538 3826 1673 3877 moriente
1691 3840 1742 3877 aso
1761 3835 1840 3894 pater
1858 3841 1953 3878 eorum
1972 3835 2021 3876 sart
2045 3827 2129 3877 etiam
2156 3826 2179 3861 θ

1304 3909 1436 3971 decessit,
1462 3918 1512 3962 aut
1535 3911 1570 3962 de
1592 3918 1731 3979 potestate
1754 3909 1882 3963 dimissus
1901 3921 1958 3975 est,
1976 3928 2039 3963 nam
2058 3912 2081 3963 si
2100 3928 2175 3964 uror-

1303 3997 1338 4048 tis
1362 3999 1409 4050 avi
1430 3995 1454 4033 θ’
1471 4004 1595 4065 tempere
1619 4005 1698 4064 pater
1721 4012 1817 4048 eorum
1835 3998 1864 4048 in
1889 4004 2027 4066 potestate
2046 3997 2105 4048 eius
2123 3998 2177 4058 ait,

1301 4089 1413 4135 mortuo
1430 4097 1481 4133 avo
1500 4081 1634 4150 lupatria
1653 4081 1697 4133 sui
1714 4089 1854 4149 potestate
1873 4083 1954 4138 sirint.
1990 4083 2014 4150 5.
2031 4085 2059 4139 3.
2077 4083 2108 4134 si
2127 4099 2178 4152 pa·

1302 4167 1339 4217 tri
1360 4167 1405 4217 vel
1429 4165 1488 4217 tilio
1511 4182 1584 4235 aqua
1610 4174 1639 4217 et
1661 4167 1720 4234 igni
1744 4165 1925 4220 interdictum
1944 4171 1995 4230 sit,
2014 4170 2106 4238 patria
2124 4185 2176 4236 po-

1301 4257 1385 4302 testas
1404 4252 1528 4315 tollitur3
1546 4253 1614 4322 quia
1632 4252 1793 4321 peregrinus
1812 4251 1848 4303 su
1866 4253 1898 4315 is,
1917 4254 1963 4304 cui
1981 4269 2054 4322 aqam
2073 4262 2102 4306 et
2119 4254 2176 4322 igni

1303 4334 1481 4388 interdictum
1506 4346 1561 4402 est;
1586 4353 1678 4405 neque
1701 4345 1795 4388 autern
1820 4339 1979 4407 peregrinus
2005 4340 2093 4391 civem
2120 4342 2175 4391 lio·

1301 4439 1427 4481 mantuo,
1446 4438 1538 4492 neque
1556 4424 1623 4475 civis
1642 4424 1778 4476 Romanus
1797 4425 1971 4492 peregrinum
1991 4426 2019 4475 in
2037 4433 2176 4494 potestate

1302 4505 1404 4559 babere
1427 4515 1530 4576 potest.
1564 4506 1587 4572 5.
1605 4507 1634 4564 4.
1651 4508 1682 4560 Sl
1700 4516 1780 4577 pater
1803 4508 1838 4559 ab
1861 4509 1989 4561 liostibns
2008 4518 2107 4580 captus
2125 4512 2176 4570 sit.

1300 4718 1383 4770 quarn
1402 4720 1423 4752 e.
1442 4703 1475 4752 Ii.
1493 4702 1695 4774 proposuerat]
1717 4704 1751 4764 θ’)
1764 4702 1792 4754 C.
1813 4706 1912 4754 es'nitus
1930 4703 2077 4756 reddatur.
2098 4705 2177 4774 [Edd.

1302 4768 1448 4831 recluditur,
1473 4771 1549 4841 quod
1574 4774 1612 4823 ill.
1638 4773 1750 4823 retineri
1777 4772 1880 4836 uoluit3
1908 4773 1956 4824 sed
1975 4790 2030 4824 nou
2049 4773 2177 4828 dubitari

1301 4841 1400 4889 duitas
1416 4836 1539 4890 aanor
1556 4840 1684 4896 scribere.
1702 4840 1760 4910 lig]
1794 4842 1827 4909 ⁸⁹)
1846 4840 1876 4894 C.
1895 4839 1971 4892 datu.
1991 4843 2026 4907 ⁶⁰)
2046 4843 2076 4896 C.
2094 4848 2179 4913 prus·

1303 4905 1379 4962 ss'dr's.
1398 4906 1476 4960 edd:
1493 4908 1659 4977 praesidem.
1679 4908 1721 4960 Cf.
1741 4909 1800 4959 Gai.
1821 4911 1840 4959 Ι.
1861 4910 1921 4964 166.
1943 4907 2000 4981 {⁸⁰2)
2019 4912 2049 4962 lo
2068 4911 2097 4963 C.
2117 4915 2180 4982 qui·

1302 4973 1364 5025 dens
1382 4994 1465 5045 supra
1484 4993 1579 5029 versus
1597 4978 1723 5028 lucarnam
1741 4977 1796 5028 alia
1815 4994 1897 5029 srsaun
1920 4980 2054 5048 seriptum
2077 4996 2112 5032 ex
2135 4998 2179 5033 se·

1323 5046 1400 5095 arenti
1419 5062 1497 5096 versu
1517 5054 1753 5114 transsumptum,
1772 5045 1918 5113 legendum
1944 5056 2038 5099 autem
2056 5064 2115 5100 esse
2138 5051 2179 5102 vi·

1302 5060 1384 5163 detur
1408 5115 1534 5170 omnino.
1559 5113 1627 5166 Edd.
1651 5116 1772 5166 retinent
1790 5114 1861 5165 illud
1879 5115 1999 5181 qusilera.
2020 5119 2063 5186 lig.
2083 5118 2179 5169 Malim

1302 5198 1457 5250 ssnrrquaaa,
1465 5182 1564 5235 erasisse
1574 5183 1673 5235 vocatia
1683 5202 1753 5235 nors.
1763 5184 1863 5252 Pugno.
1883 5183 1918 5247 ⁶¹)
1928 5185 1957 5234 C.
1967 5198 2069 5237 ureteras.
2083 5184 2178 5237 Sclrill.

1300 5250 1809 5388 eeu‘rispetti-its‘t
1823 5224 2177 5391 itiusmodi:

1299 5386 1330 5442 C.
1348 5392 1376 5437 et
1395 5385 1458 5443 edd.
1477 5388 1539 5444 rell.
1556 5392 1736 5440 convenitur.
1824 5356 1831 5385 ’
2170 5358 2178 5386 ’

1334 5454 1396 5522 β’)
1413 5454 1510 5513 Selrill.
1529 5458 1613 5508 insui
1631 5458 1693 5510 vult
1711 5474 1805 5513 assu.
1828 5451 1879 5526 Ν)
1899 5457 1995 5514 Schill.
2040 5476 2100 5530 rap.
2119 5471 2179 5513 ter-

1302 5523 1420 5593 que.]“)
1439 5523 1468 5575 C.
1487 5533 1516 5576 et
1533 5524 1595 5576 edd
1615 5525 1778 5587 nonnullae:
1803 5524 1884 5577 idem.
1904 5526 1928 5562 ⁶⁷
1958 5528 2004 5595 (λς
2016 5476 2177 5584 decusas-

1301 5588 1388 5644 danis.
1414 5590 1506 5661 Vulgo
1525 5608 1629 5646 narra
1648 5610 1726 5647 orer.
1751 5593 1801 5664 m)
1819 5593 1851 5649 (l.
1876 5601 1897 5648 ὅ
1932 5597 1996 5665 est).
2022 5596 2059 5669 Ι)
2080 5596 2109 5649 C.
2129 5594 2178 5660 ll.;

1302 5658 1408 5730 Vulgos
1426 5671 1478 5713 aas
1494 5663 1560 5714 san.
1594 5660 1682 5730 υ)-(ὲ
1699 5674 1760 5717 aas.
