4560 6562
630 315 1055 427 VARIETAS
1109 322 1639 436 sculpturata:

1094 665 1174 729 EX

270 977 794 1113 PAULLI
878 981 2004 1131 AulslGOTTflts

692 1301 1107 1398 EPITOMATI
1156 1301 1575 1400 CODICIBUS.

1009 1641 1253 1698 colatum

837 1885 1157 1981 GUSTAVUS
1192 1886 1434 1961 HAENEL

666 2044 729 2086 ltu.
753 2044 827 2086 UTR·
855 2045 885 2085 1).
914 2045 956 2087 ΕΤ
981 2045 1014 2088 iii
1042 2045 1130 2088 uritu-
1155 2045 1244 2087 tlte.
1273 2045 1355 2086 ties.
1384 2047 1604 2092 ANTECESSOR.

857 2906 1416 3000 PRAEFATIO.

1013 3164 1259 3180 m*

247 3379 392 3499 Veienti
410 3446 494 3507 milri,
524 3459 558 3496 ne
584 3449 676 3497 essent
692 3443 740 3513 qui
758 3442 842 3496 huius
860 3444 1020 3514 appendicis
1039 3445 1176 3498 rationem
1196 3443 1386 3516 improbarent
1404 3450 1453 3497 aut
1471 3447 1561 3499 minus
1581 3454 1736 3516 opportuno
1755 3450 1889 3501 iocosam
1907 3451 2034 3519 positam

246 3536 304 3573 esse
324 3516 464 3577 dicerent,
484 3514 552 3567 haec
569 3514 734 3566 videbantur
750 3514 950 3582 praemittenda
969 3532 1035 3568 esse.
1071 3517 1133 3584 lpse
1151 3515 1272 3568 criticam
1293 3516 1498 3567 Sententiarum
1516 3518 1668 3569 editionem
1680 3535 1777 3587 parare
1789 3520 1937 3581 etomnia,
1956 3538 2035 3590 quae

248 3592 278 3643 in
296 3590 367 3641 hauc
386 3602 442 3636 rem
464 3585 646 3655 collegissem,
667 3583 841 3634 annotationi
863 3584 914 3635 rite
933 3584 1038 3655 digesta
1057 3586 1159 3637 inferre
1179 3588 1385 3642 constitueram,
1421 3586 1506 3637 Cuius
1525 3587 1636 3638 consilii
1655 3589 1709 3639 mei
1727 3589 1898 3657 exsequendi
1917 3589 2036 3659 amplis-

247 3662 344 3712 simam
364 3655 537 3707 occasionem
557 3663 667 3706 nactum
688 3669 730 3703 me
749 3669 808 3705 esse
827 3654 974 3723 putabam,
993 3672 1077 3726 quum
1096 3655 1165 3706 milri
1183 3673 1198 3707 a
1216 3656 1281 3707 viris
1299 3655 1474 3716 illustribus,
1493 3658 1541 3726 qui
1562 3672 1636 3708 nunc
1655 3659 1721 3710 iuris
1741 3658 2031 3711 anreiuainianiton-

248 3739 290 3782 tes
312 3728 422 3778 llonnae
444 3723 547 3787 edunt,
566 3724 724 3776 mandatum
742 3729 832 3786 esset,
851 3732 882 3776 ut
899 3731 928 3775 et
945 3727 1067 3777 codicem
1090 3724 1303 3792 Gregorianum,
1321 3726 1567 3793 Hermogenianum
1588 3726 1869 3797 'theodorianamque
1892 3746 1947 3781 una
1966 3745 2031 3779 cum

247 3793 485 3862 extravagantibus
502 3792 767 3854 constitutionibus,
784 3800 813 3843 et
835 3793 1003 3858 Theodosii,
1028 3794 1218 3846 Valentiniani
1238 3797 1462 3865 reliquorumque
1472 3797 1667 3863 imperatorum
1681 3798 1803 3851 novellas
1813 3798 2031 3851 constitutiones

241 3868 284 3928 ad
301 3867 422 3921 criticam
441 3866 575 3917 rationem
593 3863 767 3915 emendarem
789 3870 818 3914 et
837 3863 1011 3930 supellectile
1031 3864 1143 3917 e‘libris
1160 3864 1224 3915 lliss.
1242 3880 1257 3914 a
1277 3881 1321 3916 me
1338 3872 1465 3934 congesta
1485 3867 1656 3916 instruerem.
1741 3874 1745 3879 '

355 3933 613 4000 obtemperandum
633 3940 692 3983 crat
711 3934 830 3983 virorum
850 3932 1059 3986 clarissimorum
1079 3936 1214 3986 uoluntati
1234 3943 1259 3984 ct
1278 3941 1369 4001 gratus
1387 3936 1494 3986 animus
1513 3935 1549 3984 ob
1561 3934 2032 3988 munusbonorificentissimemiiri

250 4004 372 4059 delatum
391 4003 595 4055 siaoiiicandus.
631 4000 791 4052 Scribebam
810 4017 853 4052 me
871 4003 950 4053 istam
970 4005 1136 4071 provinciam
1157 4012 1345 4074 suscepturum
1365 4011 1393 4053 et
1412 4011 1553 4071 praeterea
1574 4006 1711 4068 Paullum,
1725 4006 1747 4055 si
1764 4005 1915 4066 videretur,
1933 4003 2034 4056 editu·

251 4094 323 4133 raum,
345 4089 424 4141 spero
446 4091 488 4124 arn
511 4090 544 4124 ue
563 4071 708 4124 consilium
728 4085 819 4122 meum
847 4073 881 4122 iis
910 4073 1027 4140 probari.
1083 4074 1137 4125 Sed
1161 4074 1243 4125 aliter
1268 4090 1309 4123 res
1337 4073 1444 4124 cecidit
1498 4072 1660 4125 Nuntiatum
1684 4072 1752 4127 mibi
1779 4083 1821 4126 cst
1848 4075 2032 4127 clarissimum

248 4148 408 4200 Arndtsium
436 4091 554 4196 eundern
573 4141 696 4194 laborem
716 4149 780 4191 ante
800 4155 842 4191 me
861 4142 1014 4210 suscepisse
1034 4149 1062 4194 et
1080 4143 1133 4194 iam
1154 4160 1186 4194 eo
1205 4142 1386 4209 perduxisse,
1411 4149 1441 4193 ut
1461 4142 1496 4193 ab
1516 4143 1626 4213 incepto
1653 4145 1786 4196 desistere
1807 4147 1868 4197 siue
1887 4162 1986 4215 magna
2005 4155 2036 4198 et

249 4217 381 4284 temporis
401 4219 429 4266 ct
445 4229 544 4282 operae
566 4215 595 4265 in
615 4228 647 4263 eo
667 4211 772 4279 positae
791 4210 896 4263 iactura
915 4228 971 4262 non
990 4221 1090 4280 posset
1128 4212 1251 4271 decessi,
1281 4228 1438 4283 quanquam
1458 4213 1577 4275 inritus,
1607 4218 1801 4284 aprnposito,
1826 4231 1913 4286 quum
1932 4216 2034 4267 multas

254 4287 341 4338 Paulli
361 4285 513 4336 sententias
534 4282 659 4335 codicum
677 4288 785 4332 tanturn
803 4297 856 4349 ope
875 4282 972 4350 corrigi
993 4288 1078 4352 atque
1099 4283 1238 4334 emendari
1258 4296 1337 4349 posse
1356 4283 1563 4351 perspexissem.

355 4354 408 4405 Diu
432 4354 516 4422 igitur
534 4370 640 4406 mecum
659 4358 803 4417 reputans,
822 4351 889 4420 quid
908 4351 1063 4404 iaciendum
1083 4359 1173 4412 esset,
1190 4352 1301 4402 tandem
1322 4352 1351 4403 iu
1370 4351 1550 4420 appendicem
1568 4361 1731 4422 apparatum
1749 4369 1838 4405 meum
1857 4352 1963 4407 reterre
1986 4353 2037 4405 de-

253 4426 334 4477 crevi.
376 4423 409 4473 ld
437 4424 511 4475 enim
533 4426 568 4474 ab
588 4423 744 4472 illustribus
763 4420 918 4482 editoribus
938 4422 1083 4472 consilium
1104 4423 1205 4473 initum
1225 4428 1283 4482 est,
1307 4428 1339 4471 ut
1364 4423 1467 4492 optima
1487 4436 1614 4492 quaeque
1633 4438 1666 4474 ca
1686 4425 1823 4492 prioribus
1842 4423 2038 4484 editionibus,

252 4492 472 4556 commentariis,
498 4493 641 4544 codicibus
661 4493 788 4560 inprimis
812 4491 926 4541 collecta
945 4493 974 4542 in
995 4491 1042 4543 iiia
1065 4491 1189 4542 editione
1209 4495 1384 4557 reponantur.
1426 4490 1520 4558 Quum
1539 4491 1623 4560 igitur
1642 4493 1765 4545 Paullum
1784 4491 1901 4561 reliquis
1923 4495 2039 4546 tennio-

254 4580 310 4616 rem
333 4562 455 4614 futurum
474 4577 532 4612 csse
553 4563 753 4628 intelligerem,
783 4568 814 4612 ut
834 4561 988 4610 institutam
1007 4561 1175 4623 editionem,
1202 4569 1334 4629 quantum
1361 4575 1484 4630 possem,
1511 4559 1668 4613 adiuvarern
1689 4571 1718 4614 et
1735 4561 1889 4615 editoribus
1910 4562 2039 4615 studium

253 4649 344 4684 meum
362 4639 390 4681 et
409 4630 579 4684 voluntatem
597 4629 757 4701 probarem,
779 4629 870 4682 obtuli
891 4631 1082 4682 collectionem
1105 4646 1192 4681 meam
1211 4630 1352 4700 petiique,
1373 4639 1405 4683 ut
1421 4629 1515 4683 Paullo
1535 4628 1689 4684 adderetur.
1729 4631 1866 4683 Hactenus
1879 4631 1915 4682 de
1928 4647 2038 4701 appen-

254 4703 323 4754 dicis
342 4701 382 4750 ori
403 4701 456 4749 ine.

359 4716 413 4820 Segd
433 4768 516 4819 etiam
537 4770 610 4820 inter
628 4768 716 4835 ipsum
736 4766 858 4820 laborem
878 4769 1067 4835 impediebar,
1094 4770 1240 4839 quominus
1260 4767 1575 4836 intelligentissimurum
1591 4769 1711 4823 virorum
1730 4770 1874 4822 consilium
1893 4784 2040 4840 sequerer,

256 4843 303 4912 qui
322 4853 378 4892 non
399 4838 525 4888 lectionis
544 4837 703 4888 varietatem
725 4855 768 4889 me
788 4840 975 4898 conscribere,
1004 4841 1052 4889 sed
1075 4840 1334 4908 praestantissimam
1355 4855 1491 4907 quamque
1510 4840 1656 4889 lectionem
1674 4840 1790 4910 seligere
1808 4846 1836 4890 ct
1853 4842 2040 4891 annotatione

255 4913 348 4964 critica
368 4907 506 4975 explicare
527 4907 665 4957 volebant.
703 4911 879 4975 uecepiuauti
901 4908 973 4958 enim
994 4909 1061 4959 milri
1083 4916 1111 4959 et
1129 4912 1182 4959 iam
1203 4912 1231 4960 in
1251 4918 1345 4959 octavo
1363 4908 1442 4976 primi
1467 4907 1531 4958 libri
1548 4909 1631 4960 titulo
1651 4912 1786 4971 versanti,
1804 4912 2042 4978 apparatosmote

254 4981 401 5035 deterritus
425 4975 579 5043 bibliopola
607 4976 674 5027 duas
693 4977 727 5027 ad
747 4994 880 5029 susurrium
905 4979 1026 5046 plagulas
1045 4980 1191 5049 appendici
1213 4977 1270 5028 dari
1289 4993 1368 5046 posse
1386 4979 1513 5039 nuntiat,
1543 4981 1646 5030 veritus
1666 4995 1702 5032 ne
1723 4981 1841 5048 pretium
1871 4980 2042 5032 librinirnis

258 5057 408 5121 augeretur.
456 5045 647 5112 Expostulanti
668 5046 735 5097 milri
755 5055 810 5097 tres
829 5064 972 5098 concessae
991 5057 1061 5100 suast
1106 5048 1181 5116 Quid
1200 5046 1323 5099 iaceres?
1368 5048 1450 5099 Fides
1471 5046 1533 5098 data
1551 5055 1627 5110 erat,
1649 5066 1740 5117 neque
1761 5047 1954 5115 bibliopolae,
1977 5049 2042 5099 tiro

256 5118 469 5178 honestissimo,
497 5116 577 5166 reniti
597 5116 730 5167 volebam.
768 5117 865 5184 itaque
884 5125 988 5169 mutato
1004 5117 1119 5168 consilio
1139 5119 1167 5167 in
1183 5117 1240 5168 sola
1259 5116 1386 5168 lectionis
1405 5117 1536 5168 varietate
1553 5118 1708 5170 annotanda
1728 5135 1772 5169 me
1790 5119 1924 5171 continui.
1962 5118 2045 5169 ludi-

257 5192 312 5241 eari
335 5206 390 5243 non
410 5194 538 5255 poteraut
562 5184 740 5249 Sententiae,
770 5203 840 5256 quae
867 5189 896 5237 iu
916 5187 1103 5254 compluribus
1123 5186 1284 5248 codicibus,
1313 5187 1396 5236 ctiam
1422 5185 1524 5253 primae
1544 5189 1654 5249 classis,
1682 5187 1922 5258 interpretationis
1944 5194 2044 5239 notam

256 5277 322 5328 prae
343 5275 371 5309 se
390 5259 497 5318 ierunt,
516 5258 637 5323 itemque
657 5256 920 5324 interpretationes,
938 5274 1010 5328 quae
1031 5258 1060 5308 in
1079 5257 1176 5308 iisdem
1197 5256 1338 5309 codicibus
1357 5255 1561 5306 Sententiarum
1580 5257 1821 5319 ioeumobtinent3
1841 5257 2045 5309 abstinendum

256 5338 315 5381 erat
334 5330 407 5381 omni
428 5326 543 5385 iudicio,
565 5341 719 5394 quanquam
739 5325 910 5387 difficillimo,
928 5336 957 5378 at
971 5329 1142 5394 gravissimo,
1162 5319 1197 5376 dc
1218 5323 1388 5397 quarundam
1409 5327 1613 5380 Sententiarum
1632 5335 1661 5379 et
1681 5327 1944 5397 interpretationum
1967 5327 2045 5379 inte-

256 5403 368 5471 gritate,
389 5399 509 5465 denique
527 5396 580 5444 alia
596 5393 747 5445 omittenda
759 5405 846 5454 erant,
867 5412 938 5464 quae
957 5411 1169 5448 commemorare
1187 5412 1260 5447 nunc
1278 5393 1450 5463 supersedeo.

364 5469 440 5517 ilatio
460 5467 619 5533 appendicis
642 5465 708 5515 baec
727 5474 784 5514 est:
809 5466 891 5530 selegi
919 5468 971 5516 aeri
994 5475 1067 5517 turas
1095 5473 1190 5517 notatu
1218 5466 1328 5534 dignas3
1361 5467 1440 5516 omisi
1470 5479 1541 5535 quae
1569 5464 1677 5517 adrem
1697 5482 1752 5518 non
1772 5466 1910 5525 iacerent,
1942 5465 2046 5535 quales

260 5548 320 5592 eraut
342 5553 412 5606 quae
431 5538 563 5606 originem
588 5534 692 5588 debent
710 5541 758 5585 aut
775 5535 881 5604 patriae
905 5536 948 5589 ecl
967 5486 1109 5590 domicilio
1129 5536 1253 5600 librarii,
1271 5543 1321 5586 aut
1337 5535 1448 5596 seculo,
1478 5551 1534 5604 quo
1553 5534 1640 5587 codes
1657 5537 1773 5606 scriptus
1795 5542 1852 5599 est;
1880 5549 2048 5605 quanquam

593 5700 618 5735 ἡ
