4560 6562
741 666 1303 774 PRAEFATIO.

933 866 1122 884 Μ

124 1014 183 1106 Et
204 1058 249 1120 iis,
269 1071 340 1127 quse
358 1057 494 1128 praelatio
513 1056 548 1110 ad
567 1057 778 1127 Vlsigotthicnm
801 1057 864 1110 Gaii
883 1057 1023 1124 epitomen
1038 1052 1073 1106 de
1087 1054 1195 1108 ratione
1208 1049 1377 1104 edendorum
1393 1048 1538 1116 librorum,
1557 1065 1590 1104 ex
1607 1050 1711 1121 quibus
1723 1053 1778 1105 Lex
1792 1053 1842 1106 illa
1860 1055 1914 1107 lio·

126 1159 206 1194 mana
217 1144 369 1212 composita
385 1152 435 1206 est,
449 1145 504 1194 iam
517 1143 622 1211 pridem
637 1147 756 1206 monuit,
770 1143 855 1195 Paulli
864 1148 986 1210 receptas
997 1140 1153 1193 Sententias
1166 1139 1264 1209 siquis,
1273 1144 1406 1207 quantum
1418 1137 1476 1187 lieri
1487 1138 1583 1206 possit,
1592 1138 1711 1206 integras
1723 1138 1854 1193 exhibere
1867 1156 1918 1194 ec·

124 1228 169 1291 tir,
190 1229 219 1281 id
237 1245 270 1280 ex
289 1230 347 1281 sola
367 1230 436 1297 Lege
456 1232 576 1280 Romana
590 1229 808 1297 Visigotthorum
821 1229 879 1279 lieri
893 1245 949 1279 uon
964 1239 1056 1296 posse,
1074 1224 1123 1276 scd
1135 1223 1308 1280 adhibendos
1324 1225 1404 1273 etiam
1416 1223 1494 1283 alios,
1512 1226 1559 1294 qui
1573 1240 1607 1275 ex
1621 1226 1681 1276 iure
1692 1224 1812 1279 Roruauo
1831 1225 1914 1280 nobis

124 1323 282 1386 supersunt,
300 1315 385 1366 libros
405 1333 477 1380 esse,
496 1317 675 1367 Mosaiearum
695 1315 829 1383 imprimis
848 1322 877 1366 et
892 1313 1072 1365 Romanarum
1089 1310 1178 1379 legum
1202 1309 1396 1372 Collationem,
1409 1310 1510 1361 veteris
1527 1309 1585 1361 lCti
1599 1308 1846 1373 consultationem,
1869 1312 1917 1375 Iu-

123 1401 239 1454 stiuiaul
258 1401 378 1470 denique
400 1402 529 1470 Digesta,
555 1402 636 1453 facile
655 1400 765 1453 videris.
803 1400 900 1470 itaque
921 1397 996 1469 quod
1016 1396 1212 1449 llittcrshusius
1230 1396 1349 1463 primum
1371 1393 1477 1462 aliique
1496 1394 1650 1462 posthunc
1668 1397 1755 1448 sirum
1775 1398 1916 1463 iecerunt,

125 1485 176 1537 hac
195 1502 307 1557 quoqne
326 1487 450 1539 editione
469 1486 625 1540 l'aeieudum
646 1485 827 1555 suscepimus,
847 1484 876 1536 id
895 1492 938 1535 est
955 1490 987 1535 ut
1004 1483 1096 1535 omnia
1118 1496 1151 1533 ex
1164 1481 1252 1532 Paulli
1269 1480 1473 1531 Sententiarum
1493 1478 1572 1530 libris
1590 1481 1691 1532 ubiubi
1711 1492 1814 1534 servata
1835 1483 1915 1535 colli-
1936 1493 1940 1498 '

80 1577 82 1581 ’
123 1588 257 1643 geremus,
281 1571 488 1642 disponeremus
508 1583 536 1625 et
554 1572 606 1624 hoc
618 1573 729 1641 quidem
750 1571 833 1622 modo
852 1569 1025 1622 celeberrimi
1040 1570 1108 1619 iuris
1125 1569 1243 1619 auctoris
1262 1565 1514 1635 splendidissimum
1531 1565 1598 1617 olim
1614 1585 1682 1636 opus
1698 1570 1913 1642 restitueremus.

122 1652 246 1709 nevero
267 1657 324 1710 Lex
346 1659 463 1711 Romana
479 1657 700 1728 Visiquttlroruus
717 1672 766 1708 suo
789 1658 867 1725 quasi
886 1657 991 1709 bonore
1010 1662 1094 1723 atque
1112 1655 1172 1705 iure
1191 1651 1418 1714 defraudaretur,
1441 1653 1527 1720 ipsius
1544 1654 1706 1720 scripturam
1732 1662 1839 1707 tantum
1857 1674 1914 1711 uon

122 1741 213 1795 ubivis
232 1743 354 1794 locorum
369 1760 486 1807 servare,
505 1751 657 1797 ceterorum
671 1759 734 1796 vero
751 1741 885 1793 librorum
902 1741 1068 1794 variationes
1082 1739 1111 1789 in
1125 1736 1265 1791 subiectos
1281 1740 1492 1790 commentarios
1508 1738 1619 1800 referre,
1635 1748 1720 1810 atque
1736 1743 1839 1793 erectis
1852 1744 1911 1797 sive

122 1827 246 1897 antiquis
266 1829 367 1880 litteris
386 1831 505 1882 seribere
528 1845 599 1900 quac
618 1831 667 1881 illa
687 1829 865 1880 eontinentur
882 1827 971 1895 Lege,
989 1824 1054 1876 dum
1073 1823 1196 1892 obliquis
1215 1825 1272 1875 sire
1290 1824 1405 1875 cursivis
1423 1824 1524 1875 litteris
1543 1823 1573 1875 in
1594 1825 1779 1893 exprimendis
1798 1827 1912 1882 aliunde

122 1912 275 1982 desumptis
295 1913 363 1966 locis
382 1923 531 1978 uteremur,
551 1916 663 1984 placuit
701 1914 829 1965 Cuiaeius
848 1919 940 1963 autem
962 1926 1022 1962 cum
1044 1912 1074 1963 in
1093 1909 1184 1961 medio
1204 1909 1360 1978 reliquerit,
1377 1917 1468 1960 ulrum
1480 1909 1535 1962 MS.
1554 1911 1641 1961 Paulli
1660 1912 1754 1973 codex,
1776 1929 1858 1983 quern
1877 1929 1912 1966 ex

120 1997 272 2050 Vesontiua
291 1997 461 2053 bibliothece
480 2000 613 2054 utendum
636 2005 787 2069 acceperat,
809 2000 950 2068 epitomen
970 1995 1180 2064 visigotthicam
1200 1995 1455 2064 repraesentaverit,
1471 2010 1522 2046 uec
1540 2012 1574 2046 ne
1586 2001 1605 2059 ¹,
1626 1999 1781 2049 consultius
1800 2014 1858 2052 esse
1877 2016 1911 2052 ex

121 2097 154 2135 eo
176 2083 249 2137 libro
269 2085 459 2153 transscriptos
473 2088 547 2139 locos
562 2089 659 2138 erectis
674 2085 796 2157 quidem,
807 2093 838 2135 ut
853 2099 887 2134 ex
902 2083 1038 2136 breviario
1051 2082 1215 2141 Alariciano,
1234 2080 1428 2148 quodsocant,
1440 2087 1564 2149 acceptas
1575 2085 1736 2146 sententias,
1748 2086 1911 2152 exprimere,

120 2169 168 2221 sed
188 2170 330 2222 asteriscos
350 2171 465 2238 siugulis
478 2172 605 2224 versibus
621 2185 793 2240 praeponere
815 2168 1040 2224 existimavimus,
1077 2169 1108 2218 in
1127 2165 1317 2234 computandis
1336 2167 1457 2218 numeris
1469 2165 1612 2248 titulorum
1622 2167 1910 2241 paragraphorumqus

119 2255 177 2306 siue
191 2262 356 2308 commatum
377 2255 543 2325 Schultiugii
563 2261 707 2319 rationem,
727 2272 782 2325 qua
800 2255 830 2306 in
849 2253 997 2322 allegando
1016 2252 1110 2305 Paullo
1130 2251 1251 2303 iamdiu
1271 2251 1345 2304 docti
1365 2251 1491 2304 homiues
1512 2259 1643 2316 utuntur,
1664 2256 1815 2308 tenuimus.
1853 2272 1909 2328 quo

118 2339 290 2402 factumest,
312 2348 344 2393 ut
363 2358 396 2393 ex
416 2344 486 2413 Lege
505 2337 870 2412 liomana⁴Visiqottlrorum,
887 2338 1067 2390 Moesicarum
1088 2347 1117 2389 ct
1134 2340 1315 2389 liomauarnm
1333 2337 1423 2404 legum
1442 2338 1614 2401 Collatione,
1644 2355 1678 2390 ex
1699 2340 1911 2397 consultatione

120 2426 241 2496 deniqne
260 2427 361 2478 veteris
379 2427 440 2481 icti
462 2430 579 2498 receptis
598 2429 666 2482 loeis
684 2443 749 2480 suus
765 2426 866 2497 cuique
882 2439 1010 2476 numerus
1027 2432 1244 2494 praeponeretur
1254 2426 1274 2489 ²3
1291 2438 1432 2476 sumsero
1449 2423 1561 2475 aliunde
1576 2421 1713 2492 desumpti
1728 2425 1802 2493 apud
1813 2425 1911 2480 Sebui-

120 2511 238 2579 tingium
257 2503 540 2567 numeros'lsabercut
559 2514 662 2577 nullos,
678 2513 814 2567 eiusmodi
833 2511 910 2574 locis,
931 2512 1059 2580 quotiens
1078 2526 1138 2561 cum
1158 2509 1220 2560 aliis
1241 2509 1377 2561 rubricam
1397 2524 1566 2560 communem
1584 2507 1689 2561 habere
1708 2510 1859 2575 dehebant,
1882 2515 1910 2581 §i

115 2598 240 2665 proxime
260 2598 304 2649 rei
320 2600 510 2651 antecedentis
529 2599 574 2652 vel
594 2599 737 2669 sequentis
756 2613 917 2658 numerum,
944 2596 992 2648 sed
1015 2595 1149 2663 appositis
1169 2593 1270 2645 litteris
1291 2612 1329 2657 a,
1351 2593 1384 2656 b,
1403 2610 1438 2656 e,
1465 2600 1493 2645 et
1519 2594 1559 2645 sic
1581 2609 1682 2662 porro,
1710 2598 1907 2664 praemisimus.

116 2684 178 2753 pari
195 2698 307 2753 quoque
325 2682 407 2735 modo
426 2686 549 2736 rubricas
567 2698 628 2735 cum
647 2684 714 2752 ipsis
736 2682 881 2735 sententiis
902 2697 936 2735 aa
954 2680 1074 2749 Digestis
1094 2688 1246 2746 assumptas
1266 2679 1470 2731 numeravimus
1478 2680 1495 2729 ³.
1532 2679 1688 2732 Monuerim
1703 2689 1795 2735 tamen
1808 2683 1842 2735 ad
1856 2685 1908 2736 sli-

113 2785 195 2821 osum
223 2767 402 2837 quorumdam
430 2768 578 2819 titulorum
603 2784 731 2819 numeros
759 2770 814 2819 iam
842 2767 1053 2819 ltittershusium
1083 2764 1340 2834 Schultingiumque
1369 2764 1425 2815 alia
1448 2764 1554 2817 ratione
1583 2767 1689 2818 litteras
1718 2770 1905 2851 apposuisset.

115 2855 147 2904 ln
172 2852 374 2905 commentariis
400 2855 501 2906 nostris
529 2869 586 2903 non
612 2852 700 2905 solum
725 2853 858 2906 librorum
885 2858 944 2903 tum
973 2851 1108 2904 editorum
1135 2858 1194 2902 tum
1218 2851 1384 2919 scriptorum
1409 2851 1574 2920 varietates,
1598 2851 1645 2902 sed
1671 2854 1753 2903 etiam
1780 2853 1830 2905 ubi
1859 2855 1904 2907 di·

113 2938 185 2992 versi
206 2938 403 2990 nonnullorum
420 2941 542 3008 cupitum
562 2940 651 2991 loutcs
672 2941 746 2991 iuter
763 2954 792 2990 se
811 2938 969 3007 discrepent
986 2937 1183 3001 iudicavimus,
1210 2938 1380 2988 coniecturas
1406 2938 1505 2999 etiam,
1531 2935 1580 2987 sed
1597 2939 1901 3004 parcius,adiecimus.

115 3022 376 3092 interpretationem
395 3023 620 3092 Visigotthieam,
639 3039 722 3094 quam
741 3024 869 3076 omittere
887 3023 1019 3077 editionis
1039 3023 1083 3074 lex
1101 3020 1230 3084 vetabat,
1247 3024 1286 3073 ita
1307 3023 1434 3084 tractavi,
1452 3031 1484 3073 ut
1503 3023 1621 3074 maxime
1639 3022 1761 3090 probatis
1781 3026 1902 3094 scriptu·

114 3110 153 3161 ris
172 3109 268 3160 electis
290 3110 377 3160 rarius
396 3112 543 3160 varietates
565 3110 641 3160 uncis
665 3108 784 3160 inclusas
811 3109 968 3160 adiicerem.
1004 3110 1041 3160 iit
1061 3106 1161 3178 quibus
1181 3106 1216 3158 sd
1235 3107 1429 3185 elaborandam
1450 3106 1520 3159 hanc
1541 3108 1629 3161 Paulli
1646 3110 1796 3164 editionem
1820 3111 1900 3165 libris

113 3191 196 3245 editis
215 3210 280 3244 usus
299 3194 351 3244 sim
369 3194 480 3245 lucilius
498 3193 601 3257 videas,
619 3196 810 3246 asteriscorum
832 3193 1007 3261 appositione
1027 3210 1074 3246 eos
1092 3194 1218 3259 inferius,
1238 3193 1286 3245 ubi
1307 3188 1584 3262 sigua‘txplicautur,
1605 3193 1733 3248 iudicavi.

181 3278 239 3333 iam
255 3293 318 3331 sero
329 3278 362 3330 de
375 3280 577 3343 aurelianensi,
595 3287 627 3331 ut
643 3281 765 3348 priorum
782 3278 920 3330 editorum
933 3278 1062 3331 nonnulli
1075 3285 1181 3342 vocant,
1197 3280 1332 3346 exemplo,
1350 3277 1425 3346 quod
1436 3294 1526 3349 neque
1540 3277 1823 3352 Schultiugio,ueque
1840 3282 1899 3335 Hu-

107 3364 186 3432 ¹goni,
207 3379 269 3416 eum
289 3365 396 3417 eximiis
419 3365 590 3417 editionibus
609 3364 644 3418 de
662 3365 757 3418 Paullo
777 3364 849 3417 bene
867 3371 1047 3427 mererentur,
1065 3365 1125 3416 eius
1140 3365 1218 3432 copia
1238 3364 1308 3416 laeta
1328 3363 1391 3425 luit,
1410 3365 1501 3431 paucis
1516 3371 1543 3415 te
1560 3365 1631 3415 voto.
1668 3367 1812 3436 inscriptio
1832 3368 1898 3423 libri

111 3451 150 3500 ita
171 3447 257 3501 habet
283 3465 367 3511 „svau
389 3467 466 3504 raum
482 3451 488 3522 Ι
504 3453 1014 3520 uscemsnualsarrasrrsaurstnrmr
1033 3449 1079 3520 nl
1117 3450 1157 3502 Ex
1174 3458 1310 3517 postrema
1330 3450 1381 3502 lac
1411 3451 1516 3517 Cuiacij
1542 3451 1686 3520 recognit
1703 3455 1778 3505 tione
1803 3456 1899 3509 multis

111 3535 256 3599 seutentijs
273 3542 357 3603 atque
373 3536 380 3599 Ι
395 3537 463 3588 arico
481 3538 571 3588 titulis
589 3537 691 3596 aucti!
724 3536 827 3601 Quibus
845 3536 973 3599 accessit,
989 3539 994 3604 Ι
1010 3536 1137 3604 Epitomc
1159 3537 1229 3587 iuris
1252 3536 1360 3595 Ciuilis,
1379 3535 1475 3606 Autiq.
1492 3543 1563 3587 auct.
1580 3538 1585 3604 Ι
1600 3539 1702 3606 ingens
1721 3538 1788 3592 sane*
1805 3556 1897 3595 rerum

110 3619 301 3672 severiorum
320 3618 465 3672 aberamus
480 3620 485 3688 Ι
499 3622 596 3689 paucis
614 3633 707 3674 samen
724 3639 829 3675 omnem
847 3622 923 3676 Iuris
942 3622 990 3674 llo.
1011 3622 1141 3674 notitiam
1158 3623 1163 3686 Ι
1178 3620 1416 3690 comprehendens.
1459 3621 1582 3694 [Signum
1602 3623 1791 3676 Plautinianae
1809 3620 1897 3680 offici-

110 3704 183 3776 nae]
220 3716 348 3766 rsursrss,
364 3708 368 3771 Ι
385 3705 424 3754 Ex
450 3703 555 3756 officina
575 3705 756 3758 Plautiuiaua.
773 3708 779 3777 Ι
794 3706 875 3775 Apud
895 3722 1029 3758 suasam
1050 3707 1230 3772 rsursa,1via
1251 3706 1399 3777 iacobaca,
1422 3709 1493 3776 ¹⁵99·
1511 3711 1517 3768 Ι
1533 3708 1598 3760 Cum
1618 3710 1772 3780 priuilegio
1789 3711 1896 3781 Regis?

109 3791 143 3844 i'n
162 3790 216 3843 fine
237 3789 321 3852 libri,
340 3790 388 3859 qui
407 3795 513 3842 textum
533 3791 657 3860 quinque
675 3792 764 3843 Sentt.
781 3793 987 3845 librorum-soa
1006 3790 1111 3843 foliolis
1131 3791 1283 3844 numeratis
1298 3795 1431 3854 continet,
1451 3791 1552 3861 legitur
1568 3794 1598 3845 in
1616 3809 1712 3845 averso
1726 3794 1806 3861 iulio,
1818 3797 1895 3850 cuius

75 3884 91 3901 '⁴
108 3876 223 3929 adversa
236 3876 334 3945 pagina
353 3882 440 3926 errata
451 3876 585 3945 quaedam
605 3875 718 3938 iudicat,
737 3878 890 3940 „Excussus
907 3876 964 3928 tuit
981 3877 1027 3929 laic
1044 3876 1117 3929 liber
1135 3879 1207 3946 typis
1225 3877 1896 3955 viduae1NicolaiLeuezAusriciiiituri-lpum

109 3963 187 4015 iuxta
205 3961 312 4014 scholas
329 3961 495 4032 utriusque!
511 3963 605 4013 iuris.'’
620 3962 625 3981 ¹
642 3964 693 4015 lac.
714 3961 923 4016 Gulholredus⁵
940 3969 1050 4032 etpost
1067 3978 1129 4015 eum
1150 3965 1192 4017 ill.
1211 3963 1313 4033 Ηιιςοο
1338 3964 1468 4028 „Auarici
1487 3981 1508 4019 s.
1525 3964 1670 4017 Aurelise''
1689 3982 1713 4020 a.
1736 3969 1809 4037 ¹⁵99·
1823 3959 1894 4037 ¹pro-

110 4049 194 4100 diisse
213 4048 330 4098 similem
350 4046 568 4102 litttershusiano
586 4048 675 4099 Paulli
695 4049 850 4118 exemplum
869 4048 957 4100 torma
982 4064 1027 4104 rso
1048 4059 1187 4116 asserunt3
1206 4058 1235 4103 ct
1251 4059 1360 4119 praeter
1376 4050 1427 4105 laos
1441 4051 1593 4106 Fabrotus⁷
1608 4053 1762 4120 exemplum
1781 4068 1814 4105 eo
1830 4053 1890 4125 ipso

108 4149 179 4186 anuo
202 4133 329 4185 Aureliae
348 4131 454 4184 editum
471 4139 604 4185 memorat
612 4134 632 4190 θ.
668 4133 744 4203 Quid
762 4135 890 4188 Aureliae
910 4136 1015 4188 mentio
1035 4135 1090 4189 sibi
1109 4137 1186 4201 sciit,
1204 4137 1263 4205 ipse
1280 4154 1323 4189 me
1342 4139 1448 4190 nescire
1467 4139 1585 4204 ingenue
1606 4136 1703 4198 fateor,
1715 4136 1763 4188 sesi
1772 4137 1891 4192 hociu-

106 4220 262 4272 reliansuse
280 4224 406 4287 sucatum
426 4218 565 4287 exemplar
581 4220 662 4288 plane
681 4219 754 4272 idem
772 4237 842 4286 esse,
862 4237 894 4273 sc
911 4224 1039 4290 superius
1058 4222 1195 4277 indicatus
1216 4223 1299 4286 liber,
1318 4239 1373 4294 quo
1390 4222 1560 4275 liberalitate
1578 4237 1602 4272 s.
1618 4223 1651 4276 cl.
1665 4221 1889 4291 Bockiugiiutor,

108 4306 154 4355 cui
175 4324 199 4357 v.
219 4305 260 4362 ill.
280 4303 311 4356 Δ.
331 4303 363 4356 G.
383 4304 494 4356 Cramer
513 4312 578 4356 ante
596 4304 645 4356 hos
664 4313 719 4358 tres
739 4308 782 4358 vel
801 4312 931 4378 quattuor
945 4325 1030 4360 anuos
1050 4308 1181 4360 utendum
1192 4309 1328 4378 permisit,
1346 4314 1400 4358 tum
1415 4307 1586 4375 exploratum
1601 4307 1702 4370 habeo,
1723 4325 1804 4378 quam
1815 4310 1890 4381 quod

108 4390 367 4459 exploratissimum,
405 4391 550 4460 Exemplar
570 4392 636 4442 olim
659 4392 688 4446 C.
706 4393 881 4445 liittersbusii
902 4394 966 4456 suit,
986 4395 1063 4446 cuius
1080 4409 1162 4446 mauu
1181 4395 1315 4446 nonnulla
1334 4393 1369 4445 ad
1386 4393 1537 4463 marginem
1555 4395 1656 4464 scripta
1675 4402 1798 4458 exstant,
1817 4413 1889 4466 quae

105 4483 213 4530 tautum
235 4491 292 4528 non
310 4477 402 4528 omnia
424 4476 454 4528 in
471 4479 678 4530 commentarios
696 4485 805 4532 nostros
823 4487 933 4547 accepts
954 4479 1049 4534 habes.
1086 4479 1216 4532 Ceterum
1234 4498 1290 4534 uon
1309 4479 1418 4532 bouitas
1440 4480 1589 4543 editionis,
1616 4479 1663 4530 sed
1689 4480 1888 4552 exemplarium

105 4561 293 4635 infrequentia
311 4561 387 4626 iacit,
407 4571 439 4615 ut
456 4561 524 4617 baec
544 4564 579 4617 de
597 4564 695 4617 libella
716 4564 910 4619 aurelianensi
926 4565 1065 4636 praefatus
1084 4567 1145 4621 sim.
1296 4566 1376 4630 Vale,
1394 4567 1493 4630 lectur,
1512 4575 1540 4621 et
1558 4583 1600 4620 res
1622 4575 1683 4618 tuas
1700 4567 1772 4621 bene
1790 4583 1848 4638 age.

114 4733 224 4750 σι..-

176 4849 202 4921 a)
221 4847 264 4903 Gi.
287 4848 366 4902 Obss.
383 4848 451 4901 XXI.
474 4852 512 4904 rt.
534 4853 574 4906 15.
596 4853 635 4905 16.
707 4853 735 4923 a)
759 4852 867 4906 Praeter
887 4828 938 4912 iib,
955 4855 975 4905 1.
994 4855 1038 4905 tit.
1059 4870 1079 4907 s.
1099 4857 1122 4924 §.
1141 4856 1183 4923 ia.
1254 4855 1281 4925 3)
1306 4853 1336 4936 133
1357 4873 1394 4924 gr.
1413 4854 1461 4906 lib.
1484 4855 1504 4906 i.
1524 4857 1569 4916 tis.
1591 4857 1635 4915 sb.
1655 4864 1684 4908 et
1701 4856 1731 4907 li.
1801 4855 1881 4928 013.

101 4917 432 5054 iliri‘oii'c⁰‘ri't.'³i'
452 4927 481 4971 ‘t
491 4919 736 5059 613'’1avdss³.⁰ianii
750 4923 851 5059 quae
891 4925 972 5062 Uibu?
991 4923 1379 5065 ¹⁰d⁵)vicdu⁶u{⁰mom⁰mffr¹r¹gr⁸r
1394 4934 1510 5046 ⁰2⁸1me
1576 4928 1646 5064 34⁵)
1678 4922 1881 5050 aquasgbisper'.

96 5027 509 5198 zpiqqqqiiqm'pqreqeppudqxpon
527 5074 585 5112 esse
604 5063 680 5132 qnod
702 5010 1008 5119 tumultuiiius'rdt'tor
1024 5010 1056 5119 ss⁷
1069 5064 1100 5118 iu
1119 5063 1207 5120 Paulli
1223 5011 1556 5135 iinsenuis'repu'endii'
1575 5015 1702 5122 libblium
1721 5066 1742 5117 il
1758 5079 1801 5118 usu
1821 5065 1880 5118 su·

280 5290 438 5347 Scribebam
456 5291 567 5357 bonnae
594 5289 655 5345 Kal.
675 5291 756 5352 Febr.

360 5388 427 5441 anui
446 5387 656 5444 clolacccmu.
