4560 6562
401 371 490 450 ns*
563 372 1018 450 suburanenses.
1044 369 1178 448 seur.
1201 366 1290 443 uus.
1318 340 1955 463 Qulnr.xu..§s....x1vs
1981 354 2019 427 a.
2091 349 2189 427 *rus

403 561 476 618 dieta
497 564 617 618 liberare
636 583 692 619 non
715 572 839 637 possunt.
877 564 950 616 inter
973 564 1074 616 amicos
1101 561 1213 612 tsmeu⁸
1243 566 1272 610 et
1320 558 1395 628 patio
1412 555 1523 608 videtur
1541 551 1689 621 adscripta.
1740 546 1980 622 §.abscedente
2004 559 2088 608 so,s
2109 543 2189 613 quo⁸

401 664 453 718 per
470 651 618 720 epistolam
643 653 837 704 manumittere
865 668 922 702 non
949 650 1139 718 prohibentur.
1176 648 1272 698 Utau-
1321 642 1530 696 fideicommissa
1559 639 1673 692 libertas
1698 637 1794 689 relicta
1819 640 1875 697 eti,
1898 631 2014 685 berella
2041 631 2103 681 0¹⁰⁸
2129 644 2192 682 Μ

404 743 463 788 tem
487 737 522 789 ad
544 739 645 789 iustam
672 738 827 791 libertatem
855 737 1000 805 pervenire
1026 736 1128 805 possit,
1150 732 1273 784 condici—
1320 735 1460 800 praestare
1479 725 1595 795 cogendi
1613 731 1685 777 sunt
1731 722 1754 794 §.
1772 724 1796 775 3.
1818 721 1848 772 Si
1872 717 2009 773 decedens
2027 716 2113 769 servis
2133 715 2190 765 suis

406 833 461 871 one
479 823 672 875 venditionis⁴
691 824 781 892 excipi
810 828 909 892 potest.
1015 821 1033 891 3.
1054 824 1080 876 3.
1116 819 1273 873 Tormentis
1320 814 1479 868 libertatem
1497 814 1534 864 ita
1552 812 1662 864 dederit
1678 809 1785 873 „illum
1805 815 1833 860 et
1850 806 1927 858 illum
1947 803 2051 856 liberos
2069 815 2189 853 essevo-

405 905 481 974 apud
498 909 652 976 praesidem
669 909 827 959 subiectus⁵
845 915 874 959 et
892 905 927 959 de
945 907 1022 958 nulls
1040 906 1119 976 culpa
1134 903 1274 958 confessus
1298 902 1358 972 jlo,
1378 916 1480 971 eosque
1502 899 1568 950 liliis
1586 901 1654 950 meis
1673 903 1777 948 tutores
1794 894 1870 955 do'’,
1888 890 2040 959 impeditur
2051 886 2190 939 fideicom-

405 991 442 1042 ad
462 993 560 1044 iustam
579 993 736 1046 libertatem
757 992 869 1063 perduci
886 999 986 1062 potest.
1077 991 1098 1063 §.
1120 1006 1144 1059 4.
1179 990 1275 1041 Fidei·
1321 987 1422 1038 misssi
1444 985 1572 1049 libertam
1597 984 1668 1053 ‘quin
1693 980 1795 1051 pupilli
1821 981 1881 1031 sine
1908 977 2010 1028 tutoris
2027 975 2190 1026 auctoritate

405 1079 568 1129 commissa⁶
587 1078 701 1131 libertas
720 1079 783 1130 data
803 1079 873 1130 lacto
892 1079 1002 1131 heredis
1021 1093 1077 1128 non
1096 1082 1217 1128 mutatur
1226 1112 1235 1138 ,
1251 1075 1275 1126 si
1321 1072 1516 1124 manumittere
1534 1086 1591 1123 uon
1609 1073 1742 1137 possunt,
1760 1075 1789 1118 et
1806 1062 1974 1116 habentibus
1994 1068 2102 1112 tutores
2119 1065 2190 1110 tutor

403 1175 527 1226 terrum,
546 1180 627 1233 quem
649 1166 842 1218 manumittere
860 1165 949 1216 iussus
968 1164 1171 1222 est,vinxerit.
1209 1161 1276 1233 35.
1322 1159 1382 1212 dari
1398 1175 1454 1209 non
1472 1162 1570 1226 potest
1606 1153 1656 1206 sed
1682 1152 1793 1204 interim
1811 1152 1889 1203 vice⁸
1913 1148 2072 1232 absentium
2093 1143 2192 1214 pupilli

404 1247 583 1299 Communem
601 1264 707 1302 servum
722 1267 792 1302 unus
817 1267 851 1302 er
869 1251 950 1302 sociis
966 1248 1133 1302 vinciendol
1165 1248 1275 1300 suturae
1322 1242 1617 1309 benebentanum
1636 1239 1745 1291 decreto
1765 1236 1926 1306 flmplitaimi
1936 1234 2044 1287 ordinis
2055 1229 2192 1302 primurn⁸

405 1330 529 1386 libertati
550 1350 607 1386 non
626 1335 753 1388 nocebit:
773 1337 846 1388 inter
867 1353 944 1405 pares
965 1336 1038 1387 enim
1058 1335 1276 1387 sententiascle-
1322 1328 1435 1382 libertas
1454 1344 1486 1378 sc
1503 1326 1604 1379 deinde
1622 1325 1708 1378 tutela
1731 1332 1886 1394 competere
1905 1321 2004 1390 possit.

406 1420 527 1472 mentior
545 1421 699 1473 ιενειίοιίΒ
717 1420 886 1490 praesertum
915 1428 944 1471 ct
960 1429 1034 1472 certe
1044 1420 1181 1473 humanae
1191 1420 1277 1472 ratio-
1403 1451 1464 1491 Tm
1487 1451 1552 1490 nv,
1595 1449 1636 1490 Δ»
1661 1448 1759 1488 „mm
1779 1425 1914 1486 mmm
1938 1437 2107 1482 mmm.

403 1503 448 1556 nis
466 1511 508 1591 est
525 1506 616 1558 favere
635 1508 864 1570 miserioribus⁹‚
883 1515 912 1560 et
927 1523 1011 1576 prope
1023 1511 1044 1541 ¹⁰
1062 1508 1223 1558 innocentes
1234 1504 1276 1556 di·
1323 1531 1390 1603 §1.
1424 1527 1592 1580 Nominum
1617 1526 1688 1579 ,mi
1711 1531 1875 1577 mmmmm
1901 1518 2062 1572 mmmm
2099 1530 2193 1568 gem.

321 1634 328 1647 ,
405 1602 467 1639 cere
494 1592 563 1660 quos
583 1591 710 1644 absolute
737 1601 866 1645 nocentes
891 1592 1071 1661 pronuntiare
1097 1607 1153 1644 non
1179 1607 1277 1659 possu—
1324 1617 1388 1670 dum
1410 1615 1495 1684 legem
1522 1612 1634 1665 purim
1660 1618 1783 1682 P⁰³³¹¹¹¹b
1818 1608 1990 1661 Nominum
2020 1610 2114 1656 ,utem
2139 1618 2193 1653 m.

408 1678 507 1727 mn·
562 1687 566 1695 ’
600 1675 621 1747 i·
642 1679 667 1730 ⁶·
709 1677 828 1731 nebim
855 1679 1007 1732 “edim'‘
1026 1694 1132 1731 “mm
1155 1677 1278 1747 Piss¹¹⁰ri⁸
1323 1704 1472 1755 numittere
1493 1699 1658 1767 intelligitur
1675 1697 1728 1748 lroc
1748 1695 1829 1747 modo
1850 1692 1980 1755 „Stichus
2007 1688 2193 1751 liberesto'st·

407 1761 554 1814 vinciendo
581 1762 744 1815 dediticium
763 1765 852 1816 sacere
874 1782 930 1817 nou
950 1770 1081 1834 possuntt
1106 1764 1176 1816 alter
1203 1763 1277 1814 euim
1325 1805 1386 1840 cum
1404 1793 1496 1837 autem
1527 1781 1783 1853 „opwmtooemn’
1808 1780 1851 1834 ,ep
1870 1780 1939 1848 „qui
1957 1794 1992 1828 ex
2011 1774 2115 1827 mm,
2134 1772 2195 1824 pha

317 1876 320 1881 ·
405 1845 807 1919 sinealterocausampignoris
818 1850 982 1907 deteriorem
998 1850 1087 1900 iacere
1105 1865 1161 1901 non
1177 1855 1277 1917 polest.
1325 1876 1463 1935 nascitur,
1492 1868 1808 1930 lpberumeuev010’·‚
1840 1882 1874 1917 εχ
1899 1863 2071 1933 Orphitiano
2090 1867 2195 1912 renatos

407 1931 468 2002 bi·
488 1932 586 1987 seim
606 1935 703 1987 s¹¹³⁵⁰⁸i
722 1936 828 1988 d⁰mi¹¹i
845 1937 889 1988 Vel
908 1935 1009 2004 Puiiffi
1034 1937 1109 1985 ΜΠ
1135 1935 1279 1988 V5¹¹⁰t¹¹⁸¹²
1327 1960 1452 2012 consulto
1473 1955 1588 2026 perinde
1615 1955 1729 2007 libertas
1753 1952 1899 2020 competit,
1930 1965 1961 2000 ae
1984 1949 2008 2000 si
2035 1946 2196 1999 sommariis

407 2017 601 2070 dediticiorum
620 2036 802 2072 numeronon
821 2022 954 2085 el'iicitur3
973 2023 1140 2090 quiaueque
1159 2019 1279 2071 furiosus
1327 2045 1391 2098 data
1407 2045 1457 2096 m,
1485 2043 1638 2094 officiorum
1661 2041 1734 2091 enim
1753 2045 1781 2088 et
1798 2037 1920 2089 „guma
1947 2033 2105 2102 appellato
2128 2029 2196 2081 nihil

406 2118 499 2172 neque
517 2105 641 2174 pupillus
660 2108 749 2157 exacti
768 2107 876 2158 consilii
896 2121 982 2173 capax
1000 2112 1049 2157 ert.
1117 2103 1137 2174 3.
1157 2109 1181 2159 8.
1218 2104 1280 2156 Νοιι
1328 2130 1363 2181 de
1389 2129 1589 2197 ,ignjfifflfiong
1614 2127 1758 2178 „ominum
1776 2125 1901 2189 ,numm
1927 2121 1983 2173 nisi
2010 2119 2087 2171 forto
2108 2119 2196 2187 plores

407 2195 514 2240 mutum
532 2192 555 2240 si
582 2191 641 2257 ipsc
671 2191 798 2243 domiuus
816 2192 936 2252 vinciat,
964 2197 1046 2241 nocet
1063 2189 1201 2251 libertati,
1232 2189 1281 2240 sed
1328 2218 1400 2277 sin„
1418 2217 1465 2286 qui
1485 2230 1518 2266 eo
1536 2214 1629 2267 officp,
1647 2213 1839 2283 dapmnum„
1861 2217 1927 2261 tunc
1945 2210 2020 2260 enim
2039 2202 2198 2256 nomenari·

407 2281 436 2341 ct
455 2275 479 2325 si
497 2275 627 2328 vinciri¹³
646 2276 749 2342 iubeat,
769 2283 817 2327 aut
835 2277 982 2328 vincientis
1002 2275 1184 2351 procuratoris
1202 2281 1280 2326 acto·
1328 2301 1496 2367 pungendum
1515 2307 1574 2363 θη,
1602 2307 1633 2352 „g
1658 2300 1765 2350 eluceat
1800 2296 1835 2348 de
1861 2312 1916 2366 quo
1937 2300 2054 2346 peruror
2083 2292 2198 2343 semim

406 2361 478 2412 risve
497 2359 597 2410 iactum
616 2362 783 2430 comprobet.
828 2361 928 2431 quodsi
945 2370 1093 2429 antequam
1112 2362 1193 2410 s'ciret
1211 2360 1276 2411 vin·
1326 2385 1460 2438 videatur·
1514 2384 1535 2455 §-
1555 2403 1580 2437 a.
1616 2383 1759 2435 Codicum
1780 2386 1945 2434 gemmeum
1963 2379 2134 2431 confirmatis
2153 2375 2199 2426 da·

406 2449 491 2506 ctum,
516 2443 662 2497 solutionis
684 2447 743 2498 eius
758 2460 851 2498 cautas
868 2447 1080 2515 approbaverit,
1099 2444 1279 2496 libertatifu·
1328 2439 1378 2522 ms
1391 2472 1535 2521 libertate,
1553 2485 1613 2532 qm,
1634 2471 1692 2532 gp,
1718 2484 1791 2538 quae
1815 2468 1918 2519 pabuli.
1937 2464 2096 2518 gemmei
2117 2463 2198 2514 dane

405 2535 483 2581 turae
495 2532 602 2582 vincula
621 2548 678 2583 non
699 2532 846 2584 nocebunt.
866 2532 920 2603 §.9
944 2531 1278 2583 Caeeocuratordariuon
1328 2562 1408 2618 wat,
1434 2563 1609 2617 concurrunt,
1628 2554 1673 2605 et⁶
1697 2557 1756 2606 ,ive
1778 2552 1941 2605 memmi
1965 2552 2023 2604 ,ive
2044 2557 2200 2620 „quantur

405 2623 515 2686 potest,
541 2617 606 2687 quia
633 2619 692 2687 ipse
711 2619 766 2670 sibi
783 2626 986 2688 procuratorem
1012 2619 1158 2669 instituere
1176 2622 1276 2684 potest.
1326 2650 1537 2704 testamentum,
1563 2641 1712 2692 ,mimum
1732 2641 1792 2691 1000
1811 2638 1998 2705 adhibentur,
2023 2636 2090 2706 qui,
2109 2642 2199 2688 ειη.

470 2722 530 2762 Tit.
556 2723 620 2770 xrrl,
664 2724 703 2764 nn
724 2726 972 2766 elnmcomurssrs
994 2722 1216 2767 trutinamus,
1325 2734 1461 2780 ,umento
1482 2736 1614 2799 „meque
1633 2727 1836 2779 confirmantur,
1897 2723 1918 2795 3,
1944 2727 1970 2782 3,
2007 2723 2127 2791 Quoties
2150 2739 2199 2773 rru-

410 2813 431 2884 §.
457 2831 480 2871 r.
515 2815 553 2866 Ea
574 2816 737 2870 condicione
755 2819 834 2870 heres
861 2820 1005 2870 institutus
1031 2820 1082 2880 „si
1108 2816 1210 2868 liberos
1229 2832 1276 2867 su·
1325 2829 1415 2866 merus
1432 2828 1569 2865 servorum
1589 2820 1700 2882 propter
1724 2812 1811 2880 legem
1837 2810 1949 2862 Furium
1976 2809 2125 2862 Caniniam
2155 2809 2200 2858 in-

408 2914 439 2951 os
477 2902 729 2969 emancipaverit”,
773 2903 956 2956 omnimodis*
992 2921 1038 2955 eos
1071 2901 1208 2971 cogendus
1235 2905 1277 2952 cst
1327 2898 1433 2951 eundus
1452 2904 1511 2962 cst,
1541 2899 1649 2967 fugitivi
1668 2911 1794 2969 quoque,
1821 2912 1939 2967 quorum
1964 2910 2076 2964 semper
2093 2910 2200 2965 posses·

411 2987 622 3054 emancipare²:
651 3004 700 3057 pro
722 2990 886 3043 condicione
915 2990 988 3040 enim
1007 2988 1060 3040 hoc
1078 2990 1137 3041 loco
1157 2987 1276 3039 emanci-
1325 2985 1367 3037 sio
1388 2985 1481 3036 animo
1505 2985 1656 3047 retinetur,
1681 2982 1858 3059 computandi
1877 2989 1948 3034 sunt
2021 2979 2041 3051 3.
2069 2981 2097 3049 4.
2132 2980 2199 3047 tege

415 3140 2197 3168 ----——.-—..--...-----—-—-——--—

397 3240 438 3307 1)
459 3241 484 3292 S.
505 3242 524 3291 i.
546 3259 579 3292 m.
599 3261 677 3296 vero.
749 3246 776 3313 4)
796 3246 856 3299 Sar.
875 3244 1090 3301 vindicationis.
1149 3248 1177 3314 5)
1197 3246 1280 3305 Goth.
1329 3241 1409 3297 modo
1426 3258 1473 3296 eos
1489 3254 1595 3293 emano.
1615 3254 1673 3307 cog.
1692 3249 1740 3290 est.
1794 3236 1822 3305 3)
1840 3237 1888 3286 Bo.
1907 3237 1961 3287 cui.
2018 3235 2047 3306 4)
2068 3236 2114 3287 lio.
2128 3232 2200 3309 fidei

411 3308 436 3358 S.
458 3309 595 3376 subditus,
628 3313 677 3364 sed
695 3312 740 3363 hic
758 3318 774 3365 i.
794 3332 829 3364 m.
849 3316 992 3366 subiectus.
1065 3315 1093 3384 6)
1120 3316 1168 3368 iio,
1188 3317 1227 3366 ui.
1242 3315 1283 3386 fi·
1336 3312 1411 3366 datu·
1484 3310 1511 3380 5)
1533 3310 1579 3359 Bo·
1599 3309 1669 3361 im·
1734 3305 1762 3376 6)
1783 3308 1830 3357 Bo.
1847 3308 1944 3375 patrit-

410 3375 608 3433 deicommisso.
697 3399 710 3448 7
746 3384 789 3430 Bo.
807 3385 833 3434 si
852 3382 976 3436 debuerit
1002 3383 1184 3437 vinciendum.
1255 3386 1283 3455 8)
1402 3381 1471 3432 XlV.
1512 3380 1538 3443 r)
1557 3377 1626 3427 Ceti·
1646 3375 1706 3428 edd
1727 3374 1851 3428 scribunt
1861 3375 1982 3434 Fufiam·
1994 3381 2024 3425 ei
2036 3375 2078 3424 ⁸50
2092 3388 2200 3444 q⁰0q¹¹⁸

411 3447 476 3497 Ritt.
499 3451 628 3500 saeviori.
695 3470 712 3518 9
743 3455 787 3500 lio.
811 3451 836 3508 S,
857 3453 921 3503 ltirs.
941 3454 1056 3505 miseris,
1077 3453 1158 3504 Gotb.
1176 3454 1285 3506 miscri-
1334 3449 1416 3505 Goth.
1435 3450 1466 3500 in
1483 3446 1599 3498 rubrica.
1627 3445 1703 3498 Idem
1721 3446 1751 3497 iu
1771 3444 1806 3516 §§.
1824 3446 1848 3497 3.
1868 3445 1892 3511 4.
1912 3443 1995 3494 huius
2015 3444 2057 3494 tie
2078 3443 2200 3496 ravum.

412 3514 540 3574 bus,'sed
561 3519 713 3570 recentiore
735 3536 816 3571 manu
837 3522 955 3574 miseris.
1012 3525 1055 3591 ro)
1083 3523 1128 3574 lto.
1155 3524 1284 3592 operibus
1333 3518 1474 3571 Saubion.
1487 3515 1657 3586 Fufiamci.
1676 3515 1736 3566 Gai.
1755 3515 1775 3565 1.
1789 3515 1825 3584 33.
1844 3513 1886 3580 da.
1907 3515 1950 3578 46,
1967 3513 2144 3582 [ἷίρίιιι.ῑ3ῗ.
2158 3513 2200 3577 24

409 3585 514 3654 probet.
533 3595 561 3637 et
580 3589 607 3641 S.
629 3590 647 3638 i.
667 3603 700 3637 ur.
720 3591 827 3656 probet.
846 3591 928 3643 Goth.
952 3592 977 3643 S.
998 3607 1049 3640 om,
1071 3603 1106 3643 ct.
1171 3594 1212 3659 rr)
1237 3594 1283 3649 lio.
1333 3588 1474 3656 inscip.
1516 3587 1543 3656 a)
1564 3586 1608 3635 Bo.
1620 3585 1708 3636 Titius
1723 3600 1821 3638 servus
1841 3581 1982 3639 mensis.
2020 3582 2047 3652 3)
2059 3581 2087 3632 S.
2099 3600 2150 3633 om.
2167 3581 2202 3632 il»

412 3654 438 3704 S·
460 3654 522 3711 Cui.
545 3658 588 3708 86.
607 3658 656 3706 Au,
673 3673 797 3725 possunt.
841 3661 881 3729 ra)
901 3660 928 3711 S.
947 3663 1048 3713 inserit
1065 3659 1108 3714 de.
1165 3662 1285 3732 13)Cui.
1333 3659 1371 3712 la.
1408 3659 1436 3724 4)
1453 3653 1537 3711 Goth.
1555 3669 1607 3704 om.
1626 3666 1653 3706 et
1671 3656 1780 3707 artium.
1852 3653 2203 3722 prumptissima

413 3723 457 3778 66.
478 3725 519 3777 86.
545 3724 647 3777 Gener.
665 3729 714 3776 Au.
736 3730 854 3786 vincire.
1331 3727 1541 3801 significatione
1560 3726 1682 3777 nominis
1698 3722 1835 3778 declarat.
1927 3720 1955 3791 6)
1973 3721 2001 3771 Ρ.
2020 3720 2114 3777 Faber
2130 3723 2199 3775 ιοιιὶ

484 3792 554 3844 xlii.
595 3800 619 3862 r)
638 3797 685 3853 Βο.
703 3797 849 3852 commodo.
896 3798 926 3869 a)
949 3797 1009 3851 Cui.
1033 3799 1075 3853 58.
1096 3796 1175 3851 Fabr.
1195 3799 1284 3852 omni·
1331 3795 1387 3851 sed.

415 3926 2197 3963 w

412 4029 523 4065 manum
546 4013 632 4066 iacere
651 4023 752 4082 potest.
780 4023 809 4066 et
827 4017 989 4086 idcoportio
1010 4020 1069 4069 eius
1087 4019 1281 4070 manumissoni
1328 4019 1392 4086 pilli
1409 4018 1468 4069 siue
1483 4018 1583 4070 tutoris
1597 4014 1758 4068 auctoritate
1769 4031 1859 4067 servos
1870 4016 2065 4066 manumittere
2076 4018 2199 4081 possunt,

412 4085 626 4152 perit,etaltcri
638 4085 748 4135 domino
760 4102 792 4135 ex
803 4088 917 4153 integro,
937 4087 1014 4154 quasi
1028 4089 1202 4137 eiustantum
1216 4105 1279 4157 pro·
1329 4094 1358 4138 ct
1377 4091 1425 4158 qui
1451 4094 1555 4139 tutores
1572 4102 1586 4136 a
1604 4092 1682 4154 patre
1696 4085 1857 4136 nominatim
1873 4083 1982 4136 relictos
2004 4083 2112 4134 babent
2132 4084 2199 4133 suas

411 4153 781 4224 priusiuisset,acquiritur.
820 4155 878 4224 34.
900 4155 947 4204 Per
959 4156 1196 4207 fideicommissum
1216 4158 1280 4207 data
1329 4155 1613 4208 tutoreshabcreuou
1626 4154 1846 4221 possuntscdin
1863 4151 2200 4204 talicasuordinisconsi·

411 4224 525 4274 libertas
543 4223 577 4273 ab
596 4222 697 4275 herede
713 4240 761 4291 per
780 4223 832 4274 boc
849 4225 968 4275 revocari
985 4241 1040 4275 uon
1057 4230 1161 4291 potest,
1181 4226 1204 4276 si
1222 4241 1280 4277 scr·
1330 4225 1369 4277 lio
1381 4234 1408 4276 et
1420 4227 1524 4277 ratione
1537 4232 1710 4292 prospectum
1729 4232 1779 4284 cst,
1790 4232 1820 4274 ut
1834 4225 1946 4291 (Gener.
1963 4223 2067 4274 inserit
2088 4222 2199 4274 ordina-

412 4308 494 4352 vruu,
513 4308 595 4359 quem
607 4295 799 4343 manumittere
816 4295 903 4343 iussus
920 4301 977 4354 est,
997 4297 1109 4345 crimine
1125 4295 1235 4346 obiecto
1250 4295 1279 4346 in
1329 4296 1369 4345 tio
1389 4295 1473 4361 patris
1488 4296 1545 4344 lieri
1557 4294 1667 4354 debeat,
1678 4294 1833 4361 etpupilli,
1864 4294 1892 4343 ui
1907 4299 2199 4358 tutoresapatreno·

414 4360 521 4411 vincula
541 4362 684 4429 redegerit.
723 4361 742 4432 §.
761 4365 785 4414 5.
806 4364 834 4415 Si
850 4379 1018 4415 communem
1037 4380 1142 4415 servum
1160 4379 1279 4415 unusex
1330 4361 1706 4423 minatimrelictoshabent,
1726 4360 1795 4412 alios
1813 4310 1916 4413 habere
1927 4378 1983 4413 non
1994 4363 2111 4429 possint
2146 4361 2199 4409 lta-

412 4428 531 4480 doruinis
542 4431 569 4479 in
586 4432 693 4482 vincula
707 4431 858 4498 redegerit,
879 4440 990 4500 propter
1007 4433 1060 4483 hoe
1073 4433 1196 4485 libertati
1210 4433 1279 4495 eius,
1331 4449 1384 4502 que
1402 4433 1443 4504 ut)
1462 4434 1562 4503 pupilli
1579 4432 1819 4488 relutabseutium
1837 4433 1914 4493 vice,
1931 4431 1996 4480 dum
2010 4431 2125 4482 libertas
2142 4444 2199 4480 ser·

413 4498 437 4549 ei
458 4504 553 4562 postea
568 4503 748 4551 manumissus
766 4502 867 4560 fuerit,
886 4518 942 4550 non
962 4502 1089 4566 nocebit,
1108 4505 1174 4572 quia
1188 4502 1278 4554 rurali
1328 4505 1369 4554 vis
1385 4503 1531 4565 tribuitur,
1546 4500 1717 4563 habeantur,
1734 4507 1765 4551 ut
1782 4504 1845 4552 data
1861 4500 1930 4552 bisa
1946 4498 2200 4552 iudicesecundum

412 4581 442 4617 re
456 4566 666 4632 indulgentioris
678 4570 782 4620 domini
798 4571 953 4631 sententia,
972 4573 1020 4639 qui
1038 4572 1108 4622 nihil
1119 4575 1147 4622 iu
1163 4588 1224 4622 eum
1234 4571 1277 4623 ie·
1328 4569 1440 4623 sormam
1455 4572 1610 4625 testamenti
1622 4572 1749 4641 primitus
1763 4570 1892 4634 libertate
1910 4571 1995 4621 etiam
2017 4576 2125 4622 tutores
2139 4581 2200 4620 este

413 4637 469 4694 cit,
488 4636 585 4686 melior
601 4639 746 4688 iudicatur.
763 4639 861 4689 etidco
877 4641 899 4688 si
917 4640 952 4691 ab
967 4648 1083 4710 utroque
1098 4640 1211 4691 domino
1220 4656 1278 4691 ma·
1325 4642 1507 4709 praevaleant

411 4705 551 4757 urrruissus
569 4705 668 4768 fuerit,
697 4708 763 4756 civis
781 4710 913 4759 Romanus
941 4708 1007 4759 effici
1026 4717 1126 4776 potest.
1163 4709 1185 4778 §.
1205 4713 1229 4764 8.
1249 4709 1278 4760 Si
1400 4710 1508 4830 31313.
1535 4729 1559 4764 2·
1594 4708 1711 4778 Quoties
1728 4723 1778 4777 per
1794 4711 1986 4758 testamentum
2006 4715 2036 4758 et
2054 4705 2199 4758 codicillos

412 4787 518 4824 servum
536 4789 591 4823 non
606 4777 843 4843 solumslominrrs,
856 4777 903 4826 sed
913 4787 1072 4844 procurator
1085 4778 1282 4831 eiusvelactor
1329 4780 1471 4832 libertates
1498 4787 1595 4842 antur,
1614 4779 1662 4849 qui
1673 4780 1702 4830 in
1712 4775 1842 4829 codicillo
1853 4777 2012 4827 manumissi
2029 4785 2115 4838 sunt,
2141 4777 2198 4826 sive

411 4842 441 4894 iu
450 4841 556 4892 rirreula
568 4842 722 4909 redegerit,
743 4854 771 4894 ct
787 4847 911 4896 domiuus
924 4847 975 4897 boc
985 4850 1056 4899 iuste
1073 4849 1173 4898 facturn
1187 4850 1280 4917 acqui·
1330 4859 1394 4901 ante
1405 4857 1596 4902 testamentum
1608 4849 1737 4900 iactussit
1748 4844 1890 4898 codicillus
1907 4848 1964 4896 sire
1978 4852 2055 4913 post,
2071 4852 2100 4897 et
2115 4853 2198 4896 testa·

411 4912 511 4970 everit,
541 4913 648 4962 laturae
663 4913 780 4979 impedit
795 4915 924 4966 libertati.
943 4933 1006 4966 narn
1024 4919 1046 4968 si
1060 4934 1122 4968 euru
1136 4917 1171 4965 ab
1190 4926 1281 4969 acrore
1331 4927 1424 4970 mento
1445 4919 1617 4971 confirmatus
1637 4919 1693 4980 sit,
1713 4917 1860 4984 posteriori
1879 4915 1940 4966 loco
1961 4923 2054 4966 tamen
2076 4911 2198 4966 habendi

408 4981 524 5046 ligatum
542 4980 668 5031 domiuus
691 4982 760 5034 solvi
780 4986 967 5052 praeceperit,
988 4987 1079 5038 sutura
1097 4987 1211 5039 libertas
1226 5005 1282 5039 non
1331 4996 1396 5040 sunt
1419 4989 1468 5057 qui
1484 5005 1533 5056 per
1550 4986 1807 5040 codicillosl'ueriut
1820 4983 1987 5034 manumissi.
2006 4992 2035 5036 et
2048 4981 2198 5035 ideoeorn·

407 5050 513 5118 poterii
532 5049 668 5116 impediri·
1331 5059 1433 5126 putatis
1454 5060 1590 5125 primum,
1610 5055 1658 5125 qui
1673 5061 1836 5106 testamento
1851 5054 2012 5104 manumissi
2032 5060 2117 5114 sunt,
2140 5058 2198 5103 tum

480 5120 548 5171 iilll.
568 5119 591 5189 3.
611 5136 635 5170 a,
673 5119 700 5169 Si
719 5125 833 5172 testator
852 5123 1061 5175 fideicommissa
1072 5137 1177 5176 servum
1195 5125 1281 5176 iusse-
1331 5127 1387 5177 illis
1406 5126 1487 5195 (Scir.
1503 5125 1565 5194 illi)
1583 5127 1631 5194 qui
1647 5125 1676 5175 in
1689 5123 1824 5175 codicillis
1837 5122 1995 5173 manumissi
2010 5128 2199 5182 numerantur,

411 5191 447 5239 rit
459 5189 625 5249 manumitti,
641 5196 668 5239 et
687 5189 724 5239 ita
744 5195 864 5242 evenerit
877 5230 882 5250 ,
894 5199 924 5241 ut
943 5202 1088 5260 antequam
1102 5195 1279 5245 manumissio
1330 5199 1390 5247 etsi
1410 5199 1496 5246 maior
1513 5210 1641 5246 numerus
1657 5208 1707 5261 per
1727 5192 1883 5244 codicillum
1895 5207 1977 5261 quam
1990 5192 2022 5242 in
2039 5191 2100 5258 lege
2117 5191 2200 5243 Furia

411 5257 536 5320 daretur,
553 5260 586 5318 is,
601 5260 642 5308 cui
654 5258 861 5310 fideicommissa
873 5261 985 5313 libertas
997 5271 1046 5325 est,
1067 5267 1207 5326 moriatur,
1226 5263 1281 5314 be·
1330 5266 1445 5316 Caninio
1464 5266 1641 5323 continetur,
1660 5263 1702 5312 illi
1714 5263 1872 5312 libertatem
1889 5261 2026 5328 perdunt,
2043 5262 2136 5328 quiin
2152 5275 2201 5311 eo·

411 5341 453 5377 res
476 5327 510 5375 ad
526 5330 764 5379 manumissionem
780 5331 985 5394 praestandam,
1005 5347 1085 5400 quam
1104 5341 1198 5385 auctor
1215 5349 1279 5384 suus
1330 5333 1427 5384 dicillo
1444 5350 1527 5404 super
1541 5334 1693 5402 legitimum
1714 5345 1857 5381 numerum
1872 5331 2032 5381 manumissi
2050 5331 2200 5381 inveniun-

410 5394 611 5458 diiumstfflt,
632 5401 692 5449 iure
714 5398 897 5464 conspellltur,
951 5399 972 5468 3
994 5403 1017 5451 3.
1044 5403 1135 5471 Siquis
1160 5404 1278 5455 moriens
1330 5411 1383 5454 tur.
1419 5402 1447 5472 §
1460 5406 1483 5455 3.
1503 5402 1559 5471 Qui
1571 5404 1629 5452 vult
1642 5406 1806 5452 testamento
1828 5399 1928 5450 liberor
1947 5400 2088 5450 stabiliter
2105 5398 2201 5450 dimit·

409 5465 497 5514 servis
512 5468 567 5514 suis
586 5468 741 5518 libertatem
757 5466 874 5517 dandam
891 5468 1010 5518 filiorum
1027 5469 1090 5520 fidei
1112 5472 1279 5522 commiserit
1328 5479 1387 5524 tere
1404 5471 1474 5539 (Scis.
1489 5471 1571 5524 habet
1587 5477 1650 5526 t‚st,
1661 5471 1687 5523 d.
1699 5468 2138 5536 libertos),propterlegitimum
2147 5485 2201 5520 nu·

411 5547 514 5601 eosque
529 5534 593 5586 filiis
604 5539 660 5587 suis
673 5545 776 5591 tutores
788 5552 846 5588 esse
858 5537 1042 5604 praeceperit,
1062 5538 1113 5590 hoc
1125 5541 1228 5592 ‘ordine
1244 5542 1277 5590 li·
1328 5556 1432 5592 merum
1445 5541 1529 5592 debet
1541 5550 1696 5607 computare
1707 5540 1788 5591 etism
1799 5538 1946 5603 fugitivos,
1964 5552 2084 5606 quorum
2093 5552 2201 5602 posses·

410 5602 597 5656 deicommissa
607 5606 721 5659 libertas
733 5606 907 5676 aliquatenus
917 5607 1080 5677 impeditur,
1090 5609 1278 5679 quisaecpu-
1327 5610 1422 5673 sio,et
1438 5625 1550 5678 corpore
1560 5607 1685 5673 absente,
1703 5609 1795 5661 animo
1802 5620 1910 5677 semper
1923 5608 2200 5677 retineturdcenes.)
