4560 6562
293 411 336 479 ιι
830 397 922 474 uult
947 395 1175 473 (1011111991.
1212 401 1240 476 l.
1274 409 1325 488 tt.
1349 407 1558 481 6778.
2058 414 2108 482 12

290 615 343 670 que
358 598 390 651 'ai
406 596 533 657 donnus,
554 610 588 646 cx
605 591 753 662 legeAeliu
770 593 1059 668 Sentialuxoredneta,
1080 595 1161 649 lilium
1211 597 1266 667 (fit)
1278 597 1301 634 ²⁸
1319 603 1346 647 et
1362 596 1431 650 lilius
1451 626 1484 638 -
1504 626 1536 639 —-
1555 627 1589 638 —
1607 610 1659 648 uon
1677 595 1762 648 solam
1779 596 1814 649 ud
1829 596 2106 673 emittite-alim-

291 685 476 755 proerearerlt,
493 691 537 735 aut
555 682 689 754 Latinum}
704 698 737 733 ex
754 681 852 747 latina,
872 683 1009 735 autcivern
1020 684 1162 736 Ronlanum
1211 702 1275 737 aum
1289 686 1423 753 peruenit,
1445 684 1493 737 sed
1518 685 1595 735 etium
1614 684 1642 734 in
1658 692 1812 750 potestatem
1837 687 1921 752 patris
1940 686 2109 760 redipiltur.

292 789 324 825 cx
343 774 401 824 cive
419 771 543 832 llomana,
562 786 614 821 nun
627 769 632 842 Ι
646 769 750 822 habebit
766 785 825 822 euru
845 769 872 821 in
890 777 1021 836 potestate
1039 800 1161 814 ---
1213 772 1241 835 §-
1264 769 1305 823 72.
1343 769 1528 839 Quaecumque
1543 770 1575 822 de
1592 770 1647 823 lilio
1667 785 1727 823 esse
1744 770 1874 836 diximus,
1894 770 2002 825 cadem
2025 775 2110 827 etde

292 891 326 901 -
345 891 378 901 -
400 859 451 933 -Ι
462 885 782 910 -------
796 856 946 925 simulergo
964 858 1067 909 eumin
1085 866 1162 924 pote·
1212 857 1266 910 lilia
1293 857 1376 933 diluta
1396 856 1586 925 intellegemus.
1670 859 1698 921 6.
1719 857 1761 909 id.
1796 859 1876 910 Set„
1902 868 2045 928 quuumnr
2074 860 2108 912 ad
2120 856 2149 912 15

232 935 282 994 18·
292 953 358 997 stato
372 948 384 1013 ΙΙ
403 959 450 996 sun
469 941 566 995 habere
582 944 673 1010 incipit
686 943 729 1009 ¹¹⁷⁶.
788 943 810 1015 §.
828 942 870 995 67.
907 946 971 995 ltcm
989 946 1011 995 si
1031 945 1162 997 civisllo-
1213 946 1308 997 erroris
1326 960 1430 996 causam
1444 944 1451 1017 Ι
1465 943 1622 1011 probandam
1638 946 1747 1007 attinet,
1773 944 1839 997 uilril
1856 946 1998 1011 interest,
2028 949 2109 1001 cuiue

240 1015 281 1080 ib·
292 1047 382 1084 manus
401 1031 516 1083 Latinam
534 1038 578 1082 aut
593 1031 768 1104 peregriluam
782 1045 888 1082 uxorem
906 1029 1007 1083 duxerit
1024 1047 1070 1098 per
1083 1034 1162 1100 igno·
1212 1031 1303 1082 aetatis
1322 1029 1390 1081 iilius
1410 1031 1466 1082 sire
1479 1030 1485 1104 Ι
1498 1029 1550 1081 iilia
1567 1032 1600 1083 sit
1617 1058 2094 1084 -----------
2100 1033 2108 1107 Ι

292 1121 409 1183 mutiam,
429 1134 486 1170 cum
505 1133 561 1169 eam
580 1119 663 1169 civem
676 1117 814 1169 llomauum
830 1117 836 1192 Ι
849 1133 909 1169 esse
926 1118 1054 1183 crederet,
1072 1127 1098 1172 et
1107 1119 1161 1171 lili-
1211 1115 1317 1170 usuum
1336 1146 1368 1159 -
1380 1147 1412 1157 -
1424 1147 1456 1158 -
1468 1148 1500 1159 -
1520 1118 1565 1185 qui
1584 1147 1834 1159 ------
1850 1122 1855 1186 Ι
1870 1147 1885 1173 ι
1894 1147 1908 1173 ι
1919 1122 1947 1157 ⁸⁰
1968 1122 1996 1173 si
2017 1122 2109 1173 minor

293 1221 337 1257 um
355 1206 545 1272 procreaverit,
572 1202 615 1255 hic
631 1218 683 1255 ucn
702 1213 743 1255 cst
761 1205 955 1277 iulpotestate,
973 1206 1034 1275 qnia
1051 1221 1086 1258 ne
1102 1207 1163 1276 qui-
1211 1201 1333 1255 cuniculo
1353 1204 1387 1254 sit
1405 1202 1473 1255 iilius
1493 1201 1600 1267 illisve,
1629 1218 1708 1256 causa
1728 1203 1854 1279 probari}
1876 1220 1935 1258 nou
1962 1215 2067 1274 potest
2075 1213 2147 1261 *tte

269 1291 352 1347 5dcm
374 1293 437 1343 ciris
455 1291 584 1344 llomauus
601 1299 649 1355 est,
669 1291 715 1344 sed
734 1292 921 1362 uutLatinus,l
938 1302 982 1345 aut
999 1296 1163 1362 peregrinus,
1210 1302 1261 1341 uec
1279 1305 1320 1341 me
1337 1291 1479 1359 praeterit,
1506 1292 1534 1341 iu
1559 1289 1647 1359 aliquo
1671 1293 1798 1359 rescripto
1821 1291 1874 1344 diri
1895 1293 2055 1368 Hadriatici
2072 1297 2111 1348 itt

293 1379 373 1431 idest
393 1381 449 1431 eius
468 1378 645 1443 condicionis,
669 1379 742 1429 cuius
761 1386 788 1430 et
806 1387 887 1432 mater
899 1381 905 1454 Ι
919 1378 1014 1443 inerit,
1031 1382 1093 1450 quia
1109 1396 1163 1435 nou
1212 1393 1272 1430 eata
1290 1378 1465 1443 constitutum,
1485 1387 1622 1448 tamquam,
1640 1378 1711 1448 quod
1725 1378 1757 1432 ad
1774 1381 1868 1432 erroris
1878 1383 2019 1456 quoquc}
2032 1383 2111 1435 'cau-

292 1467 366 1519 alitcr
386 1468 522 1536 quisquam
540 1466 572 1518 ad
590 1466 672 1533 patris
687 1465 866 1518 condicionem
892 1466 1019 1541 ucceldit,
1045 1469 1163 1537 quamsi
1210 1465 1274 1515 aum*
1308 1464 1464 1532 probandum
1483 1469 1506 1503 ⁸²
1523 1494 2072 1519 -----------
2101 1472 2110 1545 Ι

203 1591 208 1599 -
290 1557 357 1607 inter
371 1562 470 1622 patrem
488 1562 516 1605 et
536 1561 644 1605 matrem
662 1554 718 1604 eius
738 1552 877 1604 conubium
892 1554 941 1606 sit:
968 1553 1014 1606 sed
1035 1570 1067 1606 ex
1084 1569 1163 1607 sene·
1782 1553 1788 1628 Ι
1811 1586 1844 1599 -
1863 1584 1902 1597 -
1921 1581 1937 1607 ι
1952 1555 2111 1625 *imperu-

291 1640 452 1693 tusconsultn
467 1642 473 1712 Ι
486 1641 659 1707 permittitur,
687 1654 790 1691 causam
814 1640 908 1692 erroris
927 1639 1056 1708 probare,
1083 1642 1164 1693 etita
1211 1649 1275 1696 tor.
1295 1672 1331 1685 -
1348 1673 1381 1685 -
1401 1673 1434 1687 -
1452 1641 1573 1695 tuendum
1590 1641 1698 1715 deditii
1750 1644 1779 1708 §.
1800 1640 1843 1694 74.
1879 1640 1954 1695 item
1968 1641 2156 1714 peregri-iit

290 1743 356 1781 uxor
373 1742 477 1798 quoque
496 1735 521 1778 et
543 1725 624 1799 illilus
642 1725 674 1778 ud
693 1727 824 1777 civitatem
843 1726 982 1778 Romanam
999 1728 1162 1795 perveniunt,
1211 1745 1246 1782 uc
1257 1757 1820 1781 ----------
1834 1730 1840 1801 Ι
1855 1717 2159 1779 -·----⁶⁵¹·

253 1824 319 1878 ,oet
338 1831 370 1867 ex
388 1830 420 1866 eo
443 1822 559 1881 tempore
583 1815 673 1880 incipit
692 1813 761 1864 iilius
777 1814 783 1888 Ι
799 1815 825 1864 iu
846 1821 974 1881 potestate
996 1815 1075 1883 patris
1094 1830 1162 1868 esse.
1211 1815 1241 1882 Ι.
1253 1815 1280 1867 3.
1536 1817 1665 1885 {uxorem
1680 1816 1796 1874 duxisset
1804 1825 1838 1882 et,
1855 1817 1915 1871 illio
1929 1829 2013 1886 nuto,
2037 1797 2155 1879 aliut*

291 1903 362 1957 Idem
381 1903 443 1954 iuris
472 1911 512 1954 est
533 1903 555 1954 ui
576 1917 632 1953 eam
652 1917 699 1969 per
717 1900 900 1974 ignolrantiam
920 1917 1026 1957 uxorem
1051 1902 1162 1964 duxerit,
1213 1904 1342 1956 civitatem
1361 1903 1501 1957 Romanam
1519 1903 1688 1978 consecultus
1702 1912 1781 1968 esset,
1801 1903 1908 1971 delude,
1929 1922 1997 1961 euru
2017 1927 2110 1980 quo-

291 2005 359 2058 quae
380 1989 559 2041 dediticiorum
586 2002 693 2038 numero
710 1987 715 2062 Ι
735 1995 789 2049 cst;
817 1989 867 2039 uisi
893 1987 962 2056 quod
981 2003 1046 2041 uxor
1063 2003 1115 2039 uon
1135 1988 1164 2041 dt
1212 1997 1328 2053 teretur,
1356 2005 1388 2041 an
1409 2007 1515 2043 cosmum
1532 1987 1643 2058 probare
1662 1999 1760 2062 posset,
1778 1990 1931 2064 realmibuit
1949 1994 2110 2065 Imperator

293 2077 357 2127 ciris
378 2077 500 2128 Romanu.
581 2076 602 2147 Ι.
621 2073 665 2125 08.
701 2076 766 2127 ltem
783 2075 804 2126 si
820 2077 885 2127 ciris
907 2075 1098 2149 Romanalper
1118 2090 1163 2126 er·
1212 2078 1366 2140 Antoninus,
1382 2078 1491 2145 perinde
1508 2092 1587 2144 posse
1605 2090 1664 2128 eum
1681 2078 1795 2128 'cuneum
1810 2077 1964 2153 prolbure,
1984 2087 2108 2154 aequm

292 2169 466 2227 rorcmnupta
483 2162 518 2212 ait
533 2162 675 2228 peregrino
688 2167 718 2224 ⁷⁷,
738 2169 867 2229 tamquam
889 2164 940 2214 civi
957 2163 1082 2228 llomuno,
1100 2178 1163 2230 per·
1213 2165 1367 2232 peregrinus
1385 2165 1529 2215 mansisset.
1566 2178 1599 2214 ex
1618 2177 1670 2230 quo
1687 2162 1857 2237 collilgimus,
1875 2166 1965 2220 etiam
1977 2163 2106 2241 peregri.

292 2249 413 2323 mitltitnr
433 2250 456 2299 ei
477 2263 579 2298 causam
600 2250 694 2299 erroris
712 2248 841 2319 probare,
869 2257 896 2300 et
918 2251 954 2301 ita
973 2249 1041 2301 illius
1059 2264 1163 2318 quoque
1212 2265 1273 2303 num
1294 2265 1400 2302 camum
1418 2249 1528 2318 probure
1548 2250 1663 2317 possein
1745 2252 1767 2321 §.
1788 2249 1830 2301 75.
1865 2250 1924 2305 ’Eur
1944 2255 2018 2329 ι“ιἰ“,Ι
2034 2271 2145 2327 qnare

254 2342 321 2392 niet
340 2334 458 2406 malritus
477 2333 510 2385 ad
530 2336 660 2386 civitatem
682 2336 822 2387 Romanam
840 2338 1008 2403 perveniunt,
1035 2345 1061 2388 et
1079 2352 1162 2405 aeque
1213 2336 1333 2401 diximus,
1352 2339 1585 2407 apparatu-st*
1603 2350 1690 2387 errore
1708 2365 1745 2378 -
1760 2365 1796 2378 -
1813 2365 1850 2379 -
1866 2365 1904 2381 .-
1922 2344 2103 2416 pmpgfim

294 2421 369 2476 simini
388 2423 481 2489 incipit
501 2422 583 2496 illilus
603 2424 629 2473 iu
650 2431 778 2489 potestate
795 2425 875 2489 patris
894 2440 961 2476 esse.
1007 2424 1076 2477 ldem
1099 2426 1162 2476 luris
1213 2451 1775 2466 -----------
1786 2422 1793 2496 Ι
1803 2451 2099 2476 ------

293 2518 334 2562 est
353 2511 374 2560 si
393 2508 555 2582 perelgrino,
575 2518 704 2577 tamquam
724 2509 832 2572 latino,
852 2525 884 2562 ex
902 2509 963 2579 lege
980 2510 1056 2563 Aelia
1074 2513 1163 2566 Sentio
1212 2508 1314 2578 quidem
1333 2541 1364 2553 -
1385 2524 1542 2562 errorem-
1556 2536 1569 2561 ι
1585 2509 1816 2582 .{matriuronium
1835 2540 2093 2561 -----

293 2605 372 2663 nupta
391 2598 438 2649 sit:
458 2614 515 2649 num
530 2598 535 2670 Ι
550 2604 577 2648 et
596 2597 629 2648 de
647 2596 697 2648 hoe
715 2597 864 2664 specialiter
881 2597 1104 2651 senatusconsulto
1116 2613 1163 2649 ca·
1213 2627 1248 2638 -
1265 2627 1298 2640 -
1320 2629 1353 2641 -
1374 2597 1476 2671 -Ι-
1494 2627 1526 2639 -
1546 2610 1587 2658 cu,
1614 2609 1681 2663 quae
1699 2597 1818 2662 superius
1839 2627 1875 2640 -
1891 2624 1928 2645 ι-
1943 2628 1976 2642 -
1993 2600 2086 2656 auidus

293 2692 375 2735 vetur.
412 2683 482 2736 Idem
497 2685 502 2758 Ι
515 2685 578 2735 iuris
595 2692 636 2736 est
656 2683 819 2753 aliquatenus
831 2687 852 2737 si
871 2687 905 2749 ei,
926 2687 970 2755 qui
983 2686 1162 2739 dediticiorum
1212 2697 1288 2737 error
1299 2683 1305 2759 Ι
1318 2683 1488 2736 intervenerit
1503 2710 1983 2729 ----------
1992 2684 2080 2756 {nullo
2093 2684 2127 2735 ¹5

252 2771 421 2842 renumerol
441 2778 489 2833 est,
511 2779 638 2838 tamqnam
663 2773 714 2822 civi
732 2771 856 2836 Romano,
874 2782 919 2826 eut
938 2773 1047 2837 Latino,
1067 2789 1082 2824 e
1103 2772 1164 2841 lege
1213 2784 1275 2823 cusu
1284 2797 1681 2825 ---------
1686 2768 1720 2842 86Ι

292 2855 367 2908 liclia
384 2858 471 2910 Sentio
488 2857 646 2932 nuptalsit:
664 2858 714 2909 uisi
736 2858 805 2926 quod
826 2858 936 2923 scilicet,
958 2860 1002 2929 qui
1021 2859 1161 2911 dediticio-
1284 2857 1307 2928 §
1328 2857 1371 2910 70.
1391 2885 1611 2903 ----
1632 2855 1661 2919 9.
1672 2857 1698 2908 2.
1967 2862 2095 2931 luxum

293 2959 350 2997 cum
367 2960 474 2998 numero
493 2951 550 3008 est,
576 2944 604 2995 iu
628 2943 688 3016 sulu
712 2944 865 2996 condicione
883 2954 1034 3015 permanet;
1062 2952 1088 2997 et
1105 2946 1164 2997 idco
1214 2939 1324 3006 duxerit,
1343 2946 1408 2998 aient
1426 2961 1509 3012 supro
1526 2960 1624 3012 qaoque
1634 2941 1755 3007 dicimus,
1773 2944 2143 3019 instanti-nutuimoniuntc

293 3032 372 3095 illius,
392 3032 509 3099 quamvis
529 3028 574 3081 lint
594 3031 660 3081 ciris
678 3029 845 3104 Romanum}
865 3032 891 3082 iu
909 3039 1063 3098 potestatem
1084 3033 1164 3098 patris
1215 3029 1375 3081 contrahiii.
1410 3039 1437 3083 et
1455 3039 1515 3084 tuuc
1534 3048 1566 3083 ex
1584 3032 1647 3082 ἰὶι99
1666 3033 1709 3097 gai
1727 3029 1858 3103 nascitur}
1873 3033 1945 3087 ciria
1965 3035 2106 3090 unumne

294 3135 346 3171 non
365 3117 520 3187 redigimul
578 3116 600 3186 §.
619 3115 661 3168 89.
685 3116 749 3169 ltem
768 3118 791 3168 si
811 3117 901 3168 Latina
922 3118 1070 3184 peregrino,
1089 3131 1166 3184 quem
1215 3123 1257 3166 ast
1273 3123 1299 3167 et
1317 3117 1344 3168 in
1364 3126 1492 3184 potestate
1511 3120 1590 3186 patris
1610 3117 1667 3169 erit.
1774 3118 1796 3190 Ι.
1816 3117 1858 3171 77.
1898 3120 2002 3192 licque
2020 3127 2048 3178 ei
2065 3126 2108 3180 ci.

236 3201 286 3259 19.
297 3206 414 3257 Latinum
431 3218 490 3256 esse
514 3201 661 3274 creflderet,
688 3204 823 3268 nupserit,
843 3210 929 3269 potest
948 3219 980 3254 ex
996 3211 1166 3255 noneterren-
1215 3200 1256 3253 vis
1279 3200 1405 3276 Reimana
1425 3206 1563 3274 peregrim
1583 3231 2081 3259 ----------
2099 3213 2109 3291 Ι

228 3278 381 3354 ⁶⁵¹²·aetro,
400 3288 454 3340 illio
473 3297 552 3352 nato,
571 3304 674 3341 causam
693 3289 802 3363 errolria
819 3290 955 3358 p'rodare:
976 3292 1055 3343 etita
1072 3292 1166 3343 om‘nee
1549 3353 1558 3363 ,
1800 3293 1807 3367 Ι
1827 3323 1862 3338 -
1888 3321 1905 3348 ι
1920 3323 1935 3350 ι
1959 3296 2042 3353 iilius
2064 3310 2113 3367 eat,

240 3354 257 3399 ⁸’
267 3362 288 3398 ³·
298 3376 362 3428 liunt
379 3378 450 3428 circs
470 3375 587 3438 llomuni,
605 3378 643 3427 'et‘
663 3375 749 3451 iilius}
765 3379 792 3428 in
809 3384 937 3444 potestate
958 3379 1036 3445 patris
1054 3394 1113 3431 esse
1124 3381 1165 3431 in-
1214 3383 1343 3443 temperata
1361 3377 1384 3428 si
1403 3391 1435 3427 ex
1458 3380 1596 3447 peregrina
1614 3397 1672 3434 eum
1692 3387 1856 3451 procreasset
1864 3380 1899 3432 θ’.
1916 3384 1932 3451 Ι)
1947 3381 2010 3437 hoc
2028 3415 2044 3441 .
2063 3415 2078 3442 s
2089 3391 2163 3454 θη,

298 3464 368 3530 cipit.
453 3462 474 3535 Ι.
495 3460 536 3512 70.
573 3462 642 3515 idean
661 3465 727 3514 iaris
746 3465 849 3514 omnino
868 3464 919 3516 *cst*
937 3465 943 3538 Ι
958 3466 979 3517 si
997 3464 1101 3518 Latinus
1118 3482 1165 3535 per
1216 3470 1328 3528 tempere
1346 3480 1360 3515 e
1378 3467 1613 3531 senatusconsultu,
1632 3468 1702 3536 quod
1719 3476 1826 3520 auctore
1844 3466 1906 3518 diro
1927 3468 2078 3528 naumann
2102 3469 2173 3551 1²9¹·

271 3562 410 3615 {terrorem
423 3549 597 3616 peregrinam,
619 3550 691 3616 guasi
711 3550 901 3623 Latinumlaut
919 3553 1001 3606 civem
1016 3553 1165 3618 llomanam,
1214 3549 1387 3614 factumest,
1409 3552 1457 3604 etsi
1475 3568 1527 3604 nou
1547 3553 1625 3607 luerit
1644 3554 1782 3607 conubium
1802 3555 1869 3607 inter
1887 3556 1984 3611 cireen
2004 3560 2113 3616 Rom.

297 3637 394 3703 elege
416 3633 492 3686 Aelia
517 3637 606 3689 sentia
634 3650 741 3688 uxorem
761 3636 889 3710 duxerit!
945 3625 988 3711 Ἰ.
1007 3638 1049 3692 71.
1085 3640 1166 3694 Prae-
1213 3636 1332 3714 uamlet
1344 3639 1518 3705 peregrinum,
1537 3642 1582 3710 qui
1602 3644 1716 3695 uescitur
1734 3644 1817 3694 iustus
1833 3642 1918 3708 patris
1940 3643 2023 3701 tilius
2045 3653 2111 3727 οιιΙ

295 3732 367 3775 terea
387 3724 409 3773 si
429 3723 493 3775 ciris
511 3722 660 3787 Romanus,
679 3725 724 3791 qui
745 3740 775 3775 ae
792 3724 943 3777 credidisset
958 3725 1094 3790 hunum,
1115 3728 1164 3780 dn-
1214 3724 1236 3797 §.
1259 3720 1302 3774 78.
1338 3723 1413 3787 Quod
1435 3733 1520 3779 autem
1538 3728 1667 3794 diximus,
1692 3732 1760 3782 inter
1777 3730 1861 3781 civem
1877 3727 2041 3790 nonaum
2059 3752 2113 3807 pe·

294 3809 386 3882 cisalet
404 3808 533 3874 Latinam,
554 3811 708 3878 permittitur
727 3812 766 3874 ei,
785 3810 838 3863 illio
856 3819 929 3875 nuto,
948 3815 1042 3865 erroris
1061 3829 1165 3869 eausam
1214 3811 1401 3888 regrinum'qne
1433 3816 1596 3867 matrimonio
1625 3827 1774 3883 contracto,
1801 3833 1872 3881 enat,
1906 3822 1991 3896 gni}
2014 3828 2135 3888 nuci.5

293 3894 432 3968 prolbare,
458 3905 588 3963 tamquam
611 3897 641 3949 'ri
657 3896 696 3948 eu*
715 3895 775 3964 lege
791 3896 866 3949 liclia
883 3899 971 3951 Senliu
988 3913 1095 3953 uxorem
1114 3899 1165 3951 du·
1215 3903 1265 3961 tur,
1285 3900 1448 3966 peregrinum
1466 3932 1820 3949 -------
1836 3904 2113 3978 l··'*···-—-

296 3985 384 4036 risset.
421 3983 574 4056 ltemlln'r,
593 3986 653 4051 qni,
671 3983 732 4037 licet
750 3986 821 4037 cives
838 3984 945 4037 llomani
965 3995 1068 4051 esseut,
1085 4002 1165 4055 pere-
1471 3987 1477 4059 Ι
1500 3988 1589 4042 eadem
1616 3989 1673 4059 lege
1691 4022 2070 4047 -------
2087 4006 2113 4059 ,ᾗ

257 4074 385 4140 rogrinos
411 4087 441 4123 se
466 4087 525 4123 esse
548 4071 777 4144 credidissentlet
796 4073 945 4139 peregrinas
963 4088 1057 4125 uxores
1075 4073 1165 4127 duxis-
1214 4080 1303 4141 partus
1325 4104 1356 4118 -
1377 4075 1439 4148 {qun
1470 4078 1524 4128 et⁹¹
1548 4077 1686 4130 conubium
1705 4080 1808 4132 nonsit
1831 4106 2114 4139 -------

297 4167 372 4222 seut,
396 4159 549 4226 permittitur
570 4158 876 4232 cxlsenatusconsnlto,
895 4157 949 4210 lilio
966 4168 1041 4223 nuto,
1063 4175 1166 4212 eausam
1215 4159 1382 4232 peregrilnus
1402 4177 1484 4214 exeo
1506 4165 1576 4215 coitu
1594 4174 1805 4220 nasceturn-
1824 4196 1858 4208 -
1881 4196 1916 4208 -
1940 4201 1977 4216 -
1997 4204 2042 4220 -
2060 4195 2115 4233 20.

296 4247 390 4298 erroris
409 4245 535 4313 probare:
554 4259 605 4316 quo
623 4245 692 4298 iacto
710 4247 849 4314 peregrine
862 4245 868 4319 Ι
881 4259 946 4297 uxor
963 4247 1027 4299 ciris
1051 4246 1166 4303 Romana
1215 4245 1338 4320 coclearia
1348 4246 1391 4303 lex
1397 4275 1844 4298 -----------
1849 4254 2151 4328 Ι...,.,,,,,,,,,Ιθ

1695 4364 1701 4387 i

295 4419 2114 4456 Μ

299 4515 706 4585 clementissimumque
729 4516 755 4565 in
776 4523 1016 4584 extremupug.17.
1037 4515 1091 4582 legi
1112 4530 1164 4566 non
1211 4478 1280 4567 liucc
1305 4515 1421 4568 videtur:
1448 4520 1613 4587 peregrinum
1632 4537 1665 4575 ex
1694 4522 1753 4590 lege
1771 4525 1847 4580 Aeliu
1874 4528 1971 4585 sentia
1994 4552 2112 4597 cm„

296 4593 451 4658 potuerunt,
476 4587 602 4652 spatium,
627 4584 695 4651 quud
712 4586 738 4635 in
757 4594 877 4638 contexto
896 4587 1022 4648 indicari,
1041 4586 1164 4640 tredecim
1214 4586 1324 4655 proluar-e
1343 4602 1394 4636 non
1412 4602 1504 4654 posse,
1522 4589 1568 4642 sed
1589 4592 1621 4642 ad
1639 4597 1732 4646 erroris
1751 4611 1853 4648 canaam
1864 4599 2041 4664 probandum
2058 4614 2112 4665 ω,

296 4658 353 4710 iere
374 4657 483 4721 litteris,
503 4663 592 4723 utpote
616 4656 643 4705 iu
661 4656 777 4777 margine
798 4654 860 4708 (iod.
880 4656 1030 4723 adscriptis,
1052 4655 1162 4710 excedit.
1214 4659 1287 4708 mitti.
1310 4657 1343 4706 ci.
1354 4658 1446 4712 llollw.
1455 4659 1553 4711 ullius.
1568 4661 1642 4730 piiss.
1650 4680 1688 4733 sq.
1758 4665 1806 4734 84)
1824 4667 1906 4720 Ede.
1927 4677 2110 4735 tor-huma

296 4727 371 4793 Quod
388 4735 473 4779 auteur
491 4725 524 4777 ad
546 4723 699 4792 explendam

295 4798 382 4851 verbis
411 4797 466 4850 Gaii
493 4812 526 4849 ex
549 4795 690 4847 litterarum
710 4798 829 4864 vestigiis
853 4797 1018 4850 restituendis
1043 4796 1164 4864 despero,
1213 4797 1377 4866 s(vela)u.c
1424 4799 1513 4868 ltaque
1531 4812 1575 4853 uut
1592 4805 1647 4855 aine
1666 4803 1804 4873 legendnm
1823 4807 1935 4875 videtur,
1959 4827 2011 4871 aug
2034 4825 2099 4879 ,gu

295 4870 449 4922 sententium
465 4875 560 4930 tomen,
581 4867 603 4917 ai
615 4868 770 4919 luseramus:
791 4869 836 4920 aed
849 4885 930 4921 cause
946 4876 1036 4937 postea
1052 4869 1164 4937 prolatu
1213 4866 1262 4937 86)
1283 4869 1366 4921 Verba
1384 4871 1498 4936 quidem,
1516 4871 1600 4926 aniles
1618 4892 1702 4940 error,
1720 4877 1790 4929 nulio
1808 4895 1871 4930 cacat
1889 4894 1905 4931 e
1922 4888 2001 4938 notia
2012 4888 2067 4945 Ed,
2080 4862 2108 4948 ,ζ

296 4941 424 4993 medatem
451 4940 596 4992 Rauranum
625 4939 801 5004 consequitur,
834 4947 905 4990 recte
936 4954 965 4993 se
994 4937 1090 4991 habere
1112 4948 1165 4988 nou
1213 4940 1240 4989 in
1260 4947 1407 4991 contextum
1426 4943 1522 5008 recepi.
1645 4944 1693 5014 87)
1712 4948 1750 4998 Ex
1768 4951 1815 5012 ils,
1840 4963 1907 5017 quae
1925 4969 2091 5025 aequuum,

296 5009 392 5062 dubito.
531 5007 578 5074 77)
604 5006 693 5058 illene.
715 5007 854 5075 legendum
874 5017 982 5063 causat:
1008 5008 1102 5063 emeno
1119 5016 1166 5061 ant
1213 5007 1375 5075 intelligitur,
1397 5010 1487 5063 Gaium
1504 5012 1575 5080 loqui
1593 5013 1626 5065 de
1643 5018 1835 5084 eivellomano,
1854 5003 2107 5089 quipereffim’

296 5081 443 5150 peregrino.
472 5078 518 5131 aed
537 5078 589 5130 uid.
607 5077 702 5130 llollw.
721 5078 789 5131 Dies.
806 5077 839 5130 de
859 5096 929 5132 caus.
948 5078 1047 5147 probat.
1066 5095 1090 5146 p.
1107 5096 1132 5132 ιι
2098 5073 2108 5102 ¹

730 4741 837 4778 acnuam
847 4729 946 4791 attinet,
963 4741 1117 4795 quamquam
1131 4725 1164 4779 da
1212 4730 1297 4779 τιίιιιιι
1314 4729 1339 4778 iu
1359 4739 1495 4792 contexto,
1517 4731 1619 4801 reliqua
1636 4735 1662 4786 in
1680 4736 1837 4789 uotishabct.
1921 4738 1980 4813 85)
2003 4750 2109 4807 scm,

296 5149 344 5218 78)
362 5153 391 5216 fit
412 5165 480 5202 nuuc
498 5149 608 5217 primum
626 5147 747 5217 supplevi
900 5150 947 5220 79)
970 5149 1055 5201 Sched
1083 5096 1165 5200 intel-⁸
1212 5094 1345 5216 81819181.
1361 5080 1499 5205 1111111111ῃ
1519 5082 2058 5222 8910811011ι1ι111ω8ι1ῗ1111οωξῐ1199·
2082 5176 2090 5192 ι

749 5187 755 5201 ⁸
1055 5186 1063 5200 ⁶
1938 5201 1946 5214 ·
1982 5185 2009 5221 ⁸¹
2032 5190 2106 5229 crura

295 5221 431 5289 legemuset
475 5218 658 5271 Geminandam
681 5219 741 5271 duxi
759 5216 871 5271 litteram
889 5238 910 5272 a.
955 5219 1050 5274 llollw.
1067 5217 1165 5272 mavult
1213 5218 1327 5275 ilomaua
1344 5222 1484 5290 peregrino
1502 5227 1633 5290 nupserit,
1652 5243 1724 5292 eum,
1748 5234 1793 5299 qui
1811 5233 1940 5297 nascitur,
1968 5242 2106 5302 ethmg

295 5293 340 5345 Et.
439 5290 488 5360 80)
505 5289 610 5356 Syllaba
629 5291 666 5352 ni,
687 5304 763 5358 quam
799 5288 862 5341 Cod.
879 5291 906 5340 lu
924 5289 976 5341 dne
994 5289 1069 5342 liuius
1087 5289 1164 5359 spatii
1214 5290 1350 5345 conubium
1372 5293 1483 5354 nonsit,
1502 5298 1675 5361 peregrinum,
1696 5301 1717 5351 si
1737 5303 1779 5366 sit,
1798 5303 2032 5369 insuperiuatum
2052 5330 2107 5383 μ.

295 5360 409 5424 exhibet,
429 5376 476 5428 pro
496 5361 675 5413 terminatione
693 5360 872 5428 praecedentis
893 5359 1003 5412 alicuius
1022 5358 1095 5411 verbi
1116 5358 1166 5409 ha·
1213 5362 1258 5411 tris
1278 5360 1359 5415 lilium
1379 5371 1499 5414 esseetc.
1524 5364 1693 5432 [Conrinnius
1714 5372 1763 5422 ita:
1794 5372 1907 5440 iramque
1925 5377 1949 5426 ti
1972 5383 2052 5438 cit-is
2070 5386 2104 5440 a,

295 5431 379 5485 bendn
397 5440 444 5483 est.
548 5430 596 5498 81)
616 5430 689 5494 Quae
709 5430 895 5491 desiderantur,
913 5428 1052 5480 adcausae
1068 5428 1165 5496 proba·
1214 5432 1351 5498 peregrino
1370 5434 1499 5501 nupserit,
1524 5436 1608 5502 isqui
1626 5442 1759 5506 nuscitur,
1779 5442 1840 5495 licet
1859 5446 1930 5496 snut
1946 5453 2034 5504 morio

295 5504 391 5554 tionem
416 5516 448 5553 ex
467 5499 528 5569 lege
546 5501 621 5553 Aelia
642 5501 730 5553 Sentis
754 5502 899 5568 pertinere,
926 5498 1088 5552 maniiestum
1116 5506 1164 5551 est.
1213 5504 1334 5569 caprinus
1351 5503 1397 5565 sit,
1415 5511 1500 5554 tumen
1516 5507 1701 5560 interueniente
1722 5513 1829 5564 conubio
1847 5514 1929 5566 iectus
1944 5525 2045 5586 parm
2066 5527 2104 5579 fl,

295 5573 344 5640 82)
362 5573 494 5623 Sententia
513 5571 640 5638 postulet,
661 5579 689 5620 nt
706 5571 872 5640 suppleamus
890 5568 943 5621 tale
959 5567 1039 5636 quid:
1065 5572 1165 5633 attinet,
1214 5570 1264 5622 lius
1282 5579 1323 5622 est
1341 5577 1402 5642 etc]
1511 5574 1560 5646 90)
1578 5578 1671 5632 Sched.
1691 5576 1726 5647 it’p
1760 5582 1802 5633 An
1819 5591 1860 5636 tat.
1878 5584 1896 5636 i.
1916 5597 1942 5638 a.
1961 5595 2086 5649 tamn

296 5642 433 5705 anniculus
447 5643 516 5711 filins
535 5658 588 5695 carc
604 5642 700 5694 deleat.
790 5639 840 5711 80)
858 5640 961 5693 Summa
976 5638 1051 5691 huius
1063 5640 1164 5695 articuli
1214 5640 1263 5712 91)
1289 5643 1315 5694 ιι·
1332 5649 1382 5693 ete.
1401 5643 1438 5696 lta
1457 5641 1568 5709 scireut
1598 5648 1645 5702 sed
1664 5649 1732 5702 lruud
1756 5655 1827 5718 scio,
1857 5668 1889 5705 un
1919 5664 2010 5714 rente,
2053 5664 2102 5723 cg
