4560 6562
392 409 465 486 243
769 404 839 483 EX
865 406 1042 485 EMPTO
1067 409 1132 484 ΕΤ
1156 407 1398 486 VENDITO.
1425 410 1461 503 8
1486 415 1546 486 36.
1648 410 1685 505 S.
1710 412 1773 487 to.
2124 422 2199 497 ‘lid

392 606 450 654 teat
467 611 565 666 agere,
582 601 615 648 ut
633 609 686 648 nec
704 594 776 648 illud
795 595 896 648 debeat
916 598 1037 669 requiri,
1057 597 1133 671 quod
1153 615 1187 655 er
1206 601 1267 654 lure
1318 597 1373 652 lrlis
1392 614 1463 671 quae
1482 607 1578 654 contra
1594 599 1744 654 utilitatem
1766 603 1908 672 provision
1934 643 2197 660 .......

394 684 499 738 dicitur
512 685 556 749 „si
578 697 593 732 a
614 681 781 736 dominarer
800 681 913 736 vendita
931 686 986 738 sit“
997 686 1027 735 ⁸⁸.
1064 685 1105 737 lta
1119 701 1182 755 ergo
1199 702 1268 739 ven·
1318 687 1460 756 magisque
1478 686 1615 755 obreptivi
1633 690 1788 757 praeroganti
1807 727 2196 745 ..........

395 773 535 824 ditionum
553 769 676 825 omniurn
697 776 738 823 est
758 769 901 823 tractanda
917 770 1103 838 sollemnitas,
1128 779 1161 824 ut
1182 772 1268 825 tallax
1316 770 1391 824 latur
1409 788 1470 825 oum
1488 772 1557 824 haec
1574 774 1612 825 alt
1629 774 1771 826 commissa
1788 790 1849 827 sec
1890 812 2197 837 ,,,,,,,,

394 856 444 909 illa
461 863 489 910 et
506 854 682 910 fraudulenta
699 854 825 911 venditio
851 858 979 927 paenitus
1000 860 1108 927 sepulta
1127 858 1267 929 depereat.
1316 870 1402 928 atque
1421 858 1456 892 ‘¹'
1473 856 1610 910 luxuriam
1625 858 1698 913 ieme
1715 857 1847 914 debemus
1891 900 2197 918 ........

394 943 446 996 Cui
466 943 520 1012 legi
545 944 677 1012 deinceps
696 942 787 995 cuncti
815 957 912 1012 parere
931 944 1091 1007 debebunt,
1119 950 1152 996 nt
1176 944 1268 997 omnlc
1317 942 1429 996 Lucana
1445 944 1556 1015 saepius
1570 945 1635 998 rins
1655 944 1769 997 sedem.
1805 984 1811 996 .
1847 984 1852 995 .
1889 926 1903 996 s
1930 986 2197 1003 ,,,,,,,

396 1030 523 1098 diligenti
542 1030 786 1097 circumspectione
805 1032 929 1100 quaesita
949 1047 999 1100 pcr
1011 1031 1269 1084 universessucces·
1316 1041 1368 1100 per
1384 1045 1510 1083 somnum
1528 1037 1557 1083 ct
1574 1030 1665 1100 gulam
1685 1036 1769 1101 atque
1787 1032 1930 1087 lasciviens
1976 1073 2196 1090 ......

395 1119 487 1170 tiones
509 1121 571 1168 tuto
589 1114 752 1169 decurrente
777 1131 870 1186 neque
887 1117 1010 1187 aliquem
1030 1132 1064 1168 cx
1081 1116 1268 1186 improviden·
1317 1116 1438 1171 aiienare
1456 1116 1529 1170 velle
1550 1132 1602 1171 nec
1621 1132 1702 1187 posse
1722 1116 1824 1171 defend
1845 1118 1882 1155 θ’·
1889 1157 2195 1181 ........

394 1205 434 1257 tia
456 1203 578 1255 casum‘⁸
600 1199 736 1271 malignae
766 1203 909 1271 captiones
927 1201 1043 1255 obruant
1058 1205 1088 1252 ⁵¹.
1124 1202 1186 1254 Dat
1207 1202 1267 1254 1111.
1317 1218 1377 1256 mus
1396 1208 1439 1255 ert
1455 1205 1494 1257 lta
1513 1211 1599 1256 statur
1617 1202 1703 1256 debet
1720 1218 1779 1255 erse
1796 1205 1823 1257 ie
1847 1242 2194 1261 .........

394 1289 447 1342 kal.
466 1287 539 1358 Sept.
558 1303 600 1357 ap.
618 1287 669 1339 FF.
691 1288 713 1323 ⁵⁶
737 1287 770 1340 ad
790 1297 970 1343 correctorem
990 1287 1104 1352 Piceni,
1130 1287 1268 1360 Aquileia.
1317 1288 1447 1345 concedit
1465 1291 1514 1361 qul
1535 1283 1565 1345 ἃ
1580 1289 1611 1344 ln
1632 1290 1806 1361 satisimtio}
1846 1328 2196 1351 .........

393 1376 510 1445 Accepta
531 1373 614 1425 x1111.
632 1372 686 1428 kri.
706 1373 765 1429 Oct.
784 1375 879 1429 dibre.
928 1375 1110 1430 Constantino
1128 1373 1194 1445 Aug.
1220 1374 1267 1427 11t
1317 1413 1701 1428 ..........
1721 1376 1808 1439 nitas,
1829 1377 1883 1428 nisi
1901 1378 2017 1435 forsitan
2034 1379 2066 1433 hi
2084 1383 2193 1453 copiam
2209 1379 2273 1437 die

394 1460 581 1531 conss-(313.)
600 1464 622 1496 ⁵⁷
1318 1497 1325 1513 .
1360 1499 1366 1512 .
1402 1499 1409 1513 .
1444 1485 1454 1512 .·
1486 1500 1492 1513 .
1528 1500 1533 1512 .
1570 1498 1577 1512 .
1612 1500 1619 1512 .
1646 1477 1701 1532 que
1720 1463 1865 1532 repetendi
1884 1479 1944 1515 cum
1963 1463 1993 1515 in
2010 1470 2195 1534 praeteritum

392 1550 413 1620 §-
432 1551 473 1602 36.
510 1548 594 1618 dugg.
616 1553 645 1599 el
664 1546 753 1601 Caesa.
765 1546 852 1598 Basso.
869 1543 1034 1595 Valentinus
1052 1542 1195 1612 perfidlam
1213 1545 1266 1595 etsi
1318 1584 1702 1601 ..........
1736 1550 1777 1600 vis
1796 1550 1917 1601 omnium
1937 1568 2025 1604 rerum
2045 1554 2143 1607 multis
2162 1573 2195 1609 ex

393 1637 511 1687 maxime
530 1633 670 1703 queritur,
698 1633 764 1705 quia
783 1633 817 1684 de
836 1631 917 1682 ilio⁵⁹
940 1635 1067 1682 atutore
1084 1631 1268 1698 processit,n
1318 1671 1326 1689 .
1362 1671 1368 1684 .
1405 1672 1410 1684 .
1446 1633 1640 1689 .currecr'em
1657 1633 1821 1698 minoribus,
1840 1637 1865 1687 εἰ
1883 1637 2031 1708 quendo⁶⁸
2050 1639 2195 1710 aliquidis

394 1737 451 1791 quo
471 1718 579 1791 aliquid
601 1721 630 1772 in
650 1719 773 1772 fortunas
787 1732 849 1769 suas
863 1716 1123 1787 perniciosissimum
1135 1715 1269 1784 proficisci
1318 1736 1413 1773 eorum
1440 1719 1648 1790 promentibus
1674 1720 1778 1773 debitis
1805 1720 1986 1775 adiudicatae
2009 1726 2193 1793 emptor-itm,

393 1809 509 1860 minime
531 1808 651 1859 omnium
671 1803 796 1857 docebat.
831 1804 1033 1873 Exuperantius
1051 1803 1269 1855 virclarissimut
1318 1805 1494 1876 repetitionis
1510 1805 1636 1878 facultas
1665 1805 1695 1860 in
1720 1822 1827 1859 omnem
1853 1810 2048 1877 intercipiatur
2073 1820 2194 1869 aemtern

393 1896 416 1944 si
449 1902 556 1947 tantum
587 1891 740 1945 avunculus
760 1890 909 1943 Valentino
940 1895 1220 1959 esset,nequaquam
1239 1888 1269 1942 in
1319 1931 1706 1944 ..........
1727 1910 1804 1946 ores
1822 1893 1958 1947 obnoxiae
1978 1897 2194 1951 necessitatibus

394 1981 572 2034 Valentinum
591 1992 705 2049 peccare
725 1976 854 2040 deberet,
874 1979 922 2048 qui
940 1982 1019 2041 noni
1318 2016 1616 2031 ........
1655 1981 1718 2050 pius
1740 1995 1883 2050 respexere
1901 1981 1991 2051 leges,
2009 1983 2075 2051 quia
2092 1999 2193 2053 paren·

523 2064 596 2139 [Duo
614 2077 663 2117 ent
680 2075 814 2136 quattuor
824 2062 905 2134 fiilia
923 2057 1138 2132 desiderantum]
1291 2061 1295 2067 '
1319 2100 1663 2116 .........
1705 2073 1736 2117 ut
1754 2065 1860 2118 desidie
1880 2068 1978 2119 mereri
1998 2084 2081 2136 posse
2101 2085 2192 2122 rems·

296 2149 477 2225 133,b.§.37.
515 2191 521 2202 .
558 2191 564 2203 .
599 2150 840 2202 videlieet⁶⁰acta
858 2165 914 2201 non
932 2148 1132 2219 donumqunm
1176 2185 1182 2197 .
1218 2184 1224 2196 .
1260 2182 1267 2195 ·
1319 2148 1409 2209 ,Dat
1427 2151 1477 2204 111,
1496 2151 1702 2205 nonliovemi.
1728 2151 1873 2204 treclin.
1894 2153 1931 2204 id.
1949 2152 2016 2206 Nor.
2034 2154 2192 2211 'i'rendoc

395 2238 524 2290 liduciam
541 2235 595 2290 sibi
614 2251 673 2289 aste
690 2242 822 2288 servatam
841 2270 1224 2285 ··········
1260 2285 1269 2301 ,
1318 2273 1325 2288 .
1364 2236 1564 2292 Valentiniano
1574 2239 1747 2291 nobilissimo
1755 2253 1840 2307 puero
1851 2247 1880 2290 et
1891 2239 2001 2291 Victore
2011 2257 2099 2293 conss,
2107 2243 2190 2314 (³⁶o)

396 2325 515 2378 obnoxia
535 2330 697 2394 cooperator
714 2321 797 2373 acted
841 2358 847 2370 ·
883 2358 888 2370 ·
925 2358 930 2370 ·
968 2358 973 2370 ·
1009 2358 1015 2369 ·
1052 2357 1057 2369 ·
1094 2357 1100 2368 ·
1136 2357 1142 2370 ·
1178 2357 1184 2369 ·
1220 2355 1227 2369 ·
1264 2373 1269 2385 ,
1320 2359 1328 2376 .
1365 2360 1371 2372 .
1407 2361 1413 2372 .
1448 2360 1454 2373 .
1490 2359 1496 2374 .
1533 2324 1645 2377 .⁶⁶t³n.
1665 2324 1715 2377 PV.
1736 2325 1800 2395 nug.
1819 2325 1931 2394 prim.⁶²
1949 2325 2076 2381 Modesto
2095 2336 2125 2383 et
2138 2328 2191 2383 tta·

394 2429 460 2464 nurn
481 2409 598 2479 proinde
617 2407 732 2479 posthac
751 2407 840 2459 saltim
885 2438 1270 2457 ..........
1320 2407 1426 2462 rimlro
1445 2426 1532 2462 conss.
1549 2409 1630 2480 (372.)

394 2497 561 2564 fraudesque
579 2495 645 2546 talia
665 2495 845 2547 dissemina.
885 2531 891 2543 .
927 2530 933 2543 .
969 2532 974 2543 .
1010 2531 1016 2543 .
1053 2530 1058 2543 .
1094 2530 1100 2542 .
1135 2531 1140 2542 .
1176 2531 1182 2542 .
1218 2529 1224 2541 ·
1262 2529 1269 2544 ·
1321 2494 1400 2567 §.id
1443 2533 1449 2545 .
1485 2533 1490 2545 .
1527 2495 1612 2550 .bus
1631 2503 1738 2550 tantum
1755 2498 1861 2567 praedii
1878 2499 1972 2552 rustici
1991 2500 2028 2554 sit
2046 2500 2193 2554 interdicta

395 2590 491 2636 centur
510 2582 602 2633 nullus
622 2582 712 2632 aditus
735 2582 804 2632 fictis
842 2613 1666 2634 ....................
1701 2584 1809 2636 nullum
1827 2583 1952 2637 debitum
1973 2585 2106 2639 doceatur
2126 2588 2193 2642 haee

395 2671 466 2722 dolis
485 2669 659 2738 relinquatur
676 2666 790 2736 ingenui
841 2704 847 2715 .
880 2673 883 2679 '
883 2700 1495 2718 ...............
1511 2739 1516 2745 ¹
1531 2706 1704 2719 .....
1755 2671 1912 2739 supplicans
1930 2671 2071 2741 ingratius
2090 2689 2192 2728 merno-

395 2757 429 2808 arl
448 2754 658 2825 provincialium
678 2769 772 2822 preces
792 2751 894 2804 dudum
913 2760 955 2806 est
973 2770 1024 2808 eou
1050 2784 1705 2807 ................
1728 2755 1763 2806 ad
1783 2758 1901 2825 speciem
1926 2757 2013 2811 luerit
2029 2761 2191 2814 ementitum

394 2842 551 2895 satisfacere
569 2843 614 2895 vei
631 2842 739 2894 nollent
758 2841 815 2911 pub
840 2877 1452 2895 ...............
1488 2857 1503 2891 a
1523 2857 1564 2894 res
1583 2848 1658 2909 gesta
1675 2842 1825 2911 probatur,
1844 2850 1875 2904 ut
1894 2843 2022 2911 precibus
2034 2846 2193 2900 continetur

395 2945 497 2982 summa
518 2928 652 2987 relevaret
670 2930 722 2980 iam
741 2944 813 2980 nuuc
831 2928 840 2977 i
883 2963 1536 2979 ................
1572 2928 1657 2981 irrisae
1674 2930 1811 2998 suggerit,
1830 2929 1929 2982 Fausto
1949 2931 2107 2996 carissime,
2135 2949 2192 2986 aes-

394 3015 564 3085 rpieuclege
582 3017 697 3075 sancire,
716 3021 748 3066 ut
765 3013 985 3084 qrraecuniquc⁶¹
1002 3030 1053 3082 pro
1072 3015 1268 3086 reliquispre-
1316 3017 1385 3068 tima
1440 3053 1445 3064 .
1482 3052 1488 3064 .
1530 3011 1587 3067 reru
1605 3017 1695 3068 sitan
1715 3018 1745 3066 ln
1763 3031 1819 3066 reru
1837 3015 1897 3067 eius
1914 3030 2022 3069 versum
2059 3055 2065 3066 .
2101 3055 2107 3067 .
2144 3057 2149 3069 .
2185 3070 2190 3078 ,

394 3102 520 3172 digeram
541 3103 572 3153 r'n
592 3103 754 3154 ermonario
776 3102 857 3154 titulo
877 3099 1006 3154 ceterisve
1030 3098 1170 3150 fiscalibus
1189 3100 1268 3151 debi-
1318 3139 1324 3153 .
1361 3137 1367 3150 .
1403 3139 1408 3149 .
1444 3138 1450 3149 .
1486 3138 1521 3150 ..
1569 3136 1575 3149 .
1611 3138 1617 3150 .
1673 3102 1764 3152 circs
1784 3101 1884 3153 minori
1910 3101 2048 3172 proluisse
2068 3108 2191 3174 potuerit

395 3192 430 3243 tis
450 3189 516 3240 lunu
537 3189 741 3258 acueqrer'tr'a.
779 3224 785 3236 .
822 3224 828 3236 .
864 3185 1267 3254 lundisntquemancipiisvel

394 3278 425 3326 ln
453 3273 671 3344 quibuscumque
692 3272 856 3342 corporibus
892 3271 941 3323 sud
973 3271 1101 3324 auctione
1127 3270 1266 3324 licitnnda
1316 3270 1337 3342 §.
1358 3274 1399 3341 39.
1442 3310 1448 3322 .
1484 3309 1489 3321 .
1559 3271 1660 3341 emptio
1680 3277 1709 3323 et
1730 3271 1854 3325 venditio
1873 3273 1963 3326 bonne
1985 3274 2051 3328 fidei
2070 3279 2190 3341 auctori·

395 3373 470 3420 aurat,
484 3358 561 3426 fiseo
579 3367 690 3410 arrctore
709 3358 878 3419 vendantur,
897 3365 926 3408 et
941 3365 971 3409 ut
982 3365 1115 3427 perpetuo
1126 3374 1210 3426 penes
1222 3374 1267 3413 eor
1318 3395 1664 3408 .........
1700 3360 1762 3427 plic.
1782 3367 1937 3412 memorant
1954 3363 2040 3431 raptis
2059 3364 2190 3432 atquem

397 3449 454 3498 sint
471 3448 532 3498 iure
550 3442 680 3505 dominii,
701 3446 801 3517 quibus
823 3461 866 3497 res
883 3442 1096 3496 lrreiuscemodi⁶²
1113 3444 1268 3497 subtractae
1318 3481 1661 3494 .........
1687 3450 1699 3494 t
1716 3446 1828 3496 terroris
1849 3446 1982 3498 iniectum
2003 3457 2035 3501 ut
2053 3450 2081 3499 ei
2099 3451 2190 3501 meula

397 3533 538 3584 sollemnis
546 3533 580 3567 ⁵²'
599 3522 717 3583 ertio-io
734 3532 819 3601 fiscus
839 3527 981 3583 addixerit
1011 3568 1267 3582 .......
1318 3558 1324 3570 ·
1359 3566 1700 3581 .........
1741 3531 1880 3584 scinderes
1896 3534 2020 3605 vitesque
2038 3534 2189 3605 inspectori

397 3621 427 3671 in
445 3620 488 3670 iris
510 3619 596 3670 utitur
613 3618 774 3680 venditoris,
793 3632 864 3686 quae
882 3616 918 3668 ob
939 3615 956 3667 d
1010 3652 1576 3669 ..............
1610 3615 1712 3668 bonum
1737 3615 1819 3668 iidem
1837 3625 1940 3686 geatam
1958 3620 1988 3671 in
2006 3622 2189 3690 porrectionis

397 3709 422 3775 gi
442 3706 485 3756 rel
501 3704 633 3773 permissu
653 3704 773 3754 iudicum
792 3703 879 3755 distre
926 3739 1619 3753 .................
1648 3703 1785 3756 auritium
1803 3705 1863 3755 iure
1882 3719 2031 3774 congruum
2049 3707 2090 3758 ita
2108 3707 2189 3759 iaciat

398 3793 584 3844 emolumenta
604 3791 686 3842 malle
705 3807 786 3859 quam
807 3788 900 3842 debita
924 3823 1705 3840 ...................
1753 3805 1769 3840 a
1788 3791 1921 3843 aestimet.
1957 3790 2019 3844 Det
2035 3792 2108 3864 prid.
2127 3809 2191 3847 non.

396 3895 482 3950 penes
498 3878 620 3945 perditos
640 3883 767 3928 maneant
784 3877 826 3927 sib
881 3911 1624 3928 ..................

396 3981 463 4016 uere
482 3970 670 4016 contractuum
684 3962 939 4032 tergiversationum
966 4000 1267 4013 ........
1319 3965 1338 4038 ς,
1358 3965 1391 4032 4ο
1393 3997 1659 4012 .......
1731 3966 1759 4012 te
1776 3960 1863 4028 patris
1882 3967 1914 4014 nl
1930 3963 2068 4019 Maximus
2087 3966 2191 4020 adserit

396 4051 633 4122 interpretationis
653 4048 765 4100 iusidias
785 4050 944 4118 pertimesce
969 4083 1579 4102 ...............
1607 4052 1753 4115 conparata
1780 4047 1902 4099 omnium
1920 4048 2053 4104 heredum
2076 4066 2192 4107 romu.

396 4141 459 4191 tatis
479 4139 624 4190 accesserit
642 4136 803 4204 ignavorum
841 4168 1581 4190 ..................
1616 4147 1693 4184 tuam
1713 4146 1825 4202 quoque
1843 4141 1982 4188 consortes
2003 4136 2152 4192 obtineant
2172 4144 2179 4204 Ι

396 4224 444 4275 dii
462 4240 591 4295 umquem
610 4241 665 4294 quo
684 4224 748 4274 fisco
767 4223 838 4274 facta
858 4221 985 4274 venditio
1006 4230 1048 4275 est
1093 4260 1267 4274 .....

395 4318 731 4422 ffel-ndomnino,
774 4348 928 4406 Forruularu
955 4347 1267 4409 iurisesseii'rnckius
1317 4346 1404 4404 Erat.
1419 4345 1501 4403 r.'l'lr.
1513 4347 1541 4401 C.
1553 4344 1648 4398 deiide
1660 4347 2036 4421 etirrrehnstue(ro,r·7.)el
2049 4354 2187 4419 L.5,lqst,

398 4426 548 4475 annotarit.
644 4422 688 4488 54)
709 4418 809 4482 ltaV.;
828 4418 916 4468 liuius
936 4417 1064 4485 proponit
1082 4418 1205 4501 cirsuurq,
1224 4419 1268 4467 rei
1317 4415 1490 4502 ecd.(ro‚3.)
1512 4417 1656 4484 iuscripta:
1678 4419 1776 4501 imppp.
1787 4421 2013 4485 Valentinianus,
2028 4427 2140 4490 Valens,
2161 4442 2187 4482 et

504 4493 532 4542 ¹¹¹
549 4486 1267 4611 iiiimxiiiit‘liittcttiiiititd
1318 4484 2045 4621 iiiiiidiutilii'it‘td'il·,iliis
2062 4497 2185 4619 “im

397 4565 488 4686 55151556
499 4579 641 4699 mqoriioper
669 4575 884 4696 inliprudentiarn
912 4625 1057 4687 acciderit,
1086 4642 1135 4694 pro
1153 4593 1267 4680 nornine}
1316 4575 1362 4698 51)
1383 4627 1433 4678 llic
1453 4627 1552 4694 incipit
1569 4626 1631 4678 L-r.
1652 4575 1746 4678 'reg
1766 4629 1812 4680 cit
1833 4646 1867 4681 ex
1884 4578 1939 4702 qupa
1956 4578 2186 4707 ιεςιιεηῖξιέιίιῗ.

398 4699 581 4769 imprudente,
601 4699 705 4750 dictum
724 4712 792 4756 esse,
813 4697 880 4748 mihi
900 4693 1014 4760 arrirlct5
1034 4712 1119 4770 quare
1138 4699 1266 4748 urendum
1315 4696 1442 4778 plenius,
1460 4696 1581 4765 exceptis
1599 4694 1691 4746 verbis
1710 4696 1780 4748 luxu
1855 4702 2005 4772 mancipiis
2023 4705 2081 4767 vel,
2113 4725 2183 4777 quac

396 4770 509 4841 aliquod
533 4770 579 4821 hio
603 4777 650 4820 aut
680 4769 740 4818 roci
768 4767 888 4819 obruant
914 4766 1027 4818 subesse
1053 4768 1185 4835 strepicor.
1220 4769 1263 4837 eg.
1316 4767 1407 4822 tn'l'h.
1418 4765 1449 4818 C.
1469 4783 1524 4818 nou
1547 4765 1733 4818 inveniuntur.
1770 4768 2099 4833 (ia)1taCod.lusl.-V.
2119 4793 2183 4830 cene

397 4843 467 4895 coui.
493 4856 575 4893 casus
599 4848 648 4890 aut
673 4854 787 4891 eorsum.
881 4838 926 4903 55)
945 4836 975 4885 V.
1002 4835 1112 4889 videtur
1140 4850 1264 4893 orreant.
1314 4837 1365 4888 Th.
1385 4836 1414 4887 C.
1431 4833 1598 4891 huiuamodi.
1704 4837 1764 4903 δι’)
1784 4837 1846 4889 Mai.
1864 4841 1969 4908 suppl:
1987 4843 2184 4899 sollemnitate.

396 4913 462 4965 atri.
572 4909 616 4978 56)
636 4907 1036 4976 Siglaelortassecignificant
1072 4924 1090 4957 a
1116 4908 1263 4976 Praefecto
1312 4907 1359 4977 63)
1378 4904 1515 4959 V.dcum
1534 4902 1739 4957 lineatraieeta.
1751 4908 1816 4959 Mal.
1834 4906 1925 4972 dicite
1944 4911 1972 4961 L.
1994 4913 2117 4965 r.'i'lr.c.
2138 4919 2184 4967 eit.

396 4981 539 5053 praetorio
558 4977 597 5030 ed
614 4989 796 5032 correctorem
816 4978 912 5029 Piceni
937 4976 1123 5027 transmissum
1146 4994 1204 5030 esse
1223 4979 1264 5029 lc·
1313 4977 1351 5028 ita
1373 4979 1477 5043 pergit:
1498 4978 1535 5028 Et
1555 4972 1667 5046 siquid
1686 4993 1849 5048 unquam,
1868 4993 1899 5032 nt
1916 4999 1934 5032 o
1950 4981 2051 5046 fisco
2064 4983 2185 5054 sacre

398 5055 437 5122 gis
457 5050 601 5118 exemplar.
638 5045 720 5116 Apud
734 5046 837 5117 fiscum
855 5048 1076 5116 precarentur-tum
1104 5062 1149 5097 cas
1178 5049 1264 5099 iuter·
1312 5045 1462 5101 venditi
1469 5064 1485 5098 ο
1506 5046 1594 5115 possit
1611 5045 1742 5113 inst-iugi,
1761 5051 1931 5104 auctor-itate
1948 5053 2080 5123 rescripti
2086 5056 2183 5126 suerit

396 5129 523 5191 pretatur
541 5117 605 5169 Mai.
712 5118 758 5186 57)
778 5115 831 5172 Th.
852 5116 880 5166 C.
908 5112 993 5166 habet
1017 5115 1260 5185 subscriptionemr
1313 5118 1502 5186 inpetratum,
1523 5114 1616 5166 nulius
1635 5114 2031 5187 obtemper·et,cremetiarnrel.
2120 5125 2184 5188 ω’)

398 5194 464 5244 Dat.
483 5187 556 5261 prid.
583 5188 656 5243 Non.
680 5186 743 5243 fet.
772 5185 1036 5253 Constantinopoli,
1066 5187 1211 5242 feliciano
1239 5200 1266 5239 et
1315 5189 1397 5255 Mai:
1417 5183 1541 5240 eleseudi,
1611 5183 1658 5251 64)
1677 5183 1852 5240 orroeon.
1905 5190 1952 5253 65)
1963 5188 2016 5248 Th,
2034 5191 2064 5251 c·
2083 5210 2118 5248 e:
2138 5213 2182 5247 η.

399 5263 514 5317 Titimm
536 5260 609 5312 Coss.
629 5257 722 5326 (337),
748 5272 830 5325 quum
857 5256 896 5307 ita
920 5271 981 5305 enm
1006 5263 1099 5308 nostra
1126 5259 1266 5327 componit
1315 5257 1365 5308 dns
1389 5272 1492 5310 eorum.
1530 5260 1537 5265 “
1570 5252 1619 5372 66)
1637 5253 1680 5304 tit.
1697 5257 1798 5324 suppl:
1821 5254 1907 5310 Iidem
1924 5259 1957 5313 id
1972 5263 2183 5332 rescripserunt

397 5330 565 5386 chckius,
585 5336 616 5379 ut
634 5327 845 5378 Constantinum
864 5340 937 5375 anno
961 5327 1128 5393 imper-litui
1148 5329 1265 5380 novissi·
1314 5328 1370 5379 et:
1390 5324 1484 5378 endem
1502 5325 1533 5375 in
1551 5338 1603 5375 ver
1621 5339 1736 5378 areacr.
1807 5328 1855 5393 67)
1872 5328 1999 5382 Praesidi
2019 5336 2184 5400 prouinciae

397 5416 443 5451 mo
455 5401 524 5452 lranc
543 5402 628 5466 legem
648 5397 791 5463 repetiisse
809 5403 837 5446 et
855 5411 915 5445 cum
927 5392 1041 5446 Oriente
1052 5399 1264 5449 communicasse
1313 5393 1505 5465 Lugdunensis
1521 5395 1635 5463 prinsec-
1673 5393 1712 5446 ct:
1740 5394 2184 5457 L.r.'i'h.c.einecemnre1

398 5478 509 5522 statuat.
530 5471 575 5537 58)
586 5470 654 5520 Nune
669 5466 722 5519 eo?
743 5462 935 5518 Mai-Bari.
946 5466 1265 5537 corrigitExuperants‘t.
1314 5465 1430 5536 reliquis
1450 5465 1473 5534 (t
1484 5481 1508 5527 t,
1526 5466 1573 5532 3.),
1593 5461 1656 5516 Mai.

402 5538 556 5616 59)Buchh.
574 5541 643 5611 quia
663 5538 724 5596 illo.
744 5534 820 5594 Schr.
835 5542 864 5593 ct
874 5534 912 5588 Bl.
922 5531 956 5592 de
971 5535 1022 5589 itio
1036 5550 1160 5594 auctore.
1216 5539 1263 5606 (io)

1094 5648 1463 5703 w„
