4560 6562
20 294 24 301 ’
89 345 159 421 eu
503 337 572 413 ax
596 330 768 412 nareae
793 330 857 407 aa
882 327 1124 408 vernano.
1150 325 1186 419 s.
1212 329 1272 402 ae.
1368 321 1405 416 §-
1432 327 1495 398 aa
1819 329 1893 401 aaa

26 549 29 552 -
91 568 561 585 ,,,,,,,,,,,,
585 529 642 579 ium
661 524 964 593 „coemptorignow
1014 519 1204 587 rnri,parens
1224 512 1706 583 car-issincatqueemmeramme
1742 513 1889 573 Parrasi-

91 655 516 675 ...........
553 614 651 669 ordine
675 613 810 668 audietur.
846 608 891 662 PP.
909 606 965 663 kal,
1015 603 1126 674 quidem
1145 601 1271 670 exemplo
1283 598 1529 654 vociferationibus
1542 600 1677 662 consules,
1695 601 1890 657 multitudines

580 738 585 751 ,
1014 698 1202 745 memorarunt
1214 690 1236 724 ³⁵
1253 703 1310 741 non
1326 688 1399 740 iuste
1418 703 1462 739 res
1476 703 1538 739 suas
1552 701 1614 740 esse
1629 685 1797 754 divenditus,
1826 689 1891 743 aliis

91 791 113 864 4.
134 793 169 845 30
170 827 517 842 .........
538 789 628 860 posita
648 786 678 837 in
695 782 868 853 possessione
884 780 965 834 inisti
1015 775 1224 848 possidentibus
1244 774 1396 858 scyliscalia
1420 775 1514 827 luere:
1535 773 1679 844 frequenti
1697 774 1818 847 denique
1838 777 1890 828 ub·

91 916 309 930 ,,,,,,
321 910 351 928 ,,
388 917 393 927 ,
429 916 435 927 ,
471 914 477 926 ,
513 914 519 927 ,
580 875 684 926 eiecere
702 871 852 934 inveniris,
871 869 894 920 is
912 869 967 921 erit
1015 861 1168 918 sectatione
1183 859 1276 915 delata
1289 860 1442 916 remedium
1454 859 1630 931 cupiverunt.
1641 859 1694 914 His
1705 878 1798 914 sarnus
1808 864 1889 919 valde

88 1001 433 1016 .........
469 979 517 1016 v.e.
539 975 589 1028 pro
607 975 657 1010 sua
677 957 817 1027 aequitate
835 953 872 1007 ad
883 957 965 1006 ellec-
1015 949 1153 1019 permoti,
1168 956 1295 1002 verentes
1311 947 1484 1001 ne'alicuius
1501 945 1705 1003 calliditatibus
1722 949 1889 1003 adversabili

92 1063 150 1103 sum
177 1088 433 1103 .......
470 1048 619 1101 Araceliauo
637 1052 665 1096 et
677 1044 760 1094 Rauso
779 1057 865 1094 conss.
882 1033 966 1109 (aps.)
1016 1037 1203 1090 emolumento
1221 1036 1345 1106 persuasi
1364 1050 1406 1087 res
1426 1050 1489 1087 suas
1505 1032 1658 1089 venderent
1673 1035 1733 1091 siue
1748 1052 1842 1104 censu,
1858 1055 1891 1093 ac

91 1137 113 1207 §.
132 1137 172 1188 31.
219 1174 224 1186 .
260 1175 266 1185 .
302 1175 307 1186 .
344 1175 349 1186 .
385 1131 659 1188 .eur·issinrenobis.
694 1129 785 1180 'i'eues
803 1136 832 1179 tu
850 1125 965 1198 quidem

426 1261 433 1271 .
468 1261 472 1271 .
509 1216 707 1273 iucundissime
722 1222 759 1269 et
777 1215 839 1266 lites
859 1211 966 1265 dirimis

93 1329 97 1340 ·
135 1345 141 1356 ·
177 1339 520 1364 .........
575 1321 627 1356 um.
640 1303 749 1355 statiuis
769 1299 825 1352 tuis
843 1314 898 1349 nou
917 1313 966 1347 eu·

138 1427 607 1452 ............
637 1406 652 1442 e
671 1388 806 1456 incipient
824 1383 966 1436 discedere

93 1455 100 1535 i
138 1514 606 1539 ............
633 1491 741 1528 versum
761 1478 888 1524 eventurn
906 1483 966 1521 sae-

98 1601 523 1627 ...........
578 1561 739 1630 litignbatur
759 1557 887 1611 insidunt
904 1572 966 1623 par·

97 1689 438 1713 .........
474 1669 492 1701 ιι
511 1658 539 1702 ct
556 1646 812 1717 interpretationem
832 1641 966 1694 diversam

98 1777 401 1799 ........
422 1746 536 1790 estnon
555 1734 650 1787 censui
670 1733 749 1803 quasi
770 1731 879 1784 veroin
899 1726 953 1797 eal

414 1825 511 1897 [Plura
529 1819 645 1892 desunt]
848 1814 893 1865 VI.

10 1914 78 1973 ΒΗ·
97 1921 151 1993 .§.
170 1923 212 1975 ss.
225 1954 252 1970 ..
272 1917 364 1969 aditus
382 1918 531 1979 conpetens
555 1908 640 1960 iudex
662 1902 838 1957 considerato
863 1901 968 1951 tutelae

95 2007 201 2062 indicio
224 2021 282 2055 eam
302 2000 409 2054 curabit
433 1997 505 2048 ferre
525 1994 709 2052 sententiam,
739 2004 820 2058 quam
847 1987 968 2054 agnitam

96 2095 205 2164 legibus
230 2104 290 2142 esse
313 2085 475 2157 providerit,
511 2081 556 2132 Pl’.
579 2077 640 2136 llll,
658 2075 713 2128 tal.
734 2074 810 2143 sept.
831 2071 968 2124 Constan-

96 2181 157 2232 tino
176 2170 205 2229 dt
223 2176 334 2230 Licinio⁴
346 2176 428 2240 brigg.
448 2170 481 2221 11.
502 2182 589 2223 conss.
609 2164 694 2235 (sia.)

97 2267 119 2339 §.
138 2267 181 2318 33.
216 2264 301 2331 augg.
321 2267 350 2310 et
367 2259 455 2311 Caesa.
478 2254 597 2306 Rutiliae
613 2251 726 2302 Primae.
748 2247 884 2316 Ingenuus
901 2259 968 2314 pro-

98 2353 205 2423 genitos
231 2346 370 2401 servitutis
397 2343 488 2411 adlligi
518 2338 673 2408 dispendiis
700 2335 814 2386 minime
838 2338 967 2402 oportere

96 2440 180 2491 etiam
199 2436 286 2488 nostri
310 2429 441 2499 temporis
460 2424 665 2496 tranquillitate
685 2423 821 2486 sancitur,
846 2432 898 2470 neo
914 2416 967 2469 sub

98 2524 214 2577 obtentu
224 2521 310 2573 initae
318 2515 485 2569 venditionis
494 2513 616 2565 inlicitae
625 2509 661 2545 ²⁰*
672 2508 751 2561 decet
768 2507 968 2574 ingenuitatem

96 2608 222 2678 infringi.
263 2620 350 2675 quare
375 2602 495 2654 iudicem
519 2603 712 2666 conpetentem
743 2591 820 2642 adire
840 2607 890 2659 psr
908 2595 968 2650 est,

96 2698 144 2767 qui
165 2690 327 2756 inliberali
345 2703 426 2740 cansa
453 2700 485 2736 ea
506 2685 593 2736 faciet
607 2679 748 2749 conpleri,
772 2690 845 2746 quse
865 2677 896 2726 in
914 2674 969 2726 hu·

96 2777 251 2832 lusccmodi
270 2770 496 2828 contentionibus
515 2766 638 2822 ordinari
655 2769 839 2822 consuerunt,
867 2774 967 2812 secun·

98 2867 165 2916 dum
176 2861 349 2934 iudiciariam
365 2857 540 2925 disciplinam
557 2850 684 2923 partibus
701 2847 871 2903 audientiam
887 2861 969 2914 prae·

96 2951 214 3003 biturus.
251 2948 297 3000 l’P.
325 2943 396 3000 idib.
416 2945 485 3012 Aug.
503 2943 604 2992 Rornae
621 2937 802 2991 Constantino
816 2940 849 2985 et
860 2932 969 2985 Licinio

95 3039 180 3102 Augg.
200 3034 259 3085 llll.
278 3047 364 3083 conss.
385 3028 471 3097 (sit.)

97 3121 119 3191 §.
138 3121 182 3186 34.
218 3121 284 3186 Aug.
304 3126 333 3169 et
351 3116 446 3168 Caesa.
461 3112 502 3164 Fi.
522 3110 655 3180 Aprillae.
682 3107 748 3158 Cum
767 3105 920 3176 profitearis
940 3109 968 3154 te

96 3213 168 3257 certa
197 3201 353 3272 quantitate
381 3196 551 3267 mancipium
576 3210 610 3245 ex
637 3193 770 3262 sanguine
789 3204 968 3257 conparasse,

95 3295 173 3344 culus
190 3291 310 3358 pretium
329 3295 357 3339 te
382 3284 530 3337 exsolvisse
549 3281 618 3333 dicis
638 3289 666 3331 et
693 3276 881 3328 instrumentis
908 3290 968 3326 esse

95 3375 248 3428 firmatum:
274 3375 328 3427 hoc
353 3390 368 3424 a
397 3371 478 3423 uobis
501 3370 556 3420 iam
582 3367 648 3417 olim
667 3363 865 3434 praescribtum
887 3360 967 3421 est²⁹,

10 3523 12 3530 Ι
96 3462 181 3533 quod,
197 3463 220 3513 si
241 3459 360 3511 voluerit
385 3459 503 3522 liberum
529 3471 607 3505 suarm
628 3453 779 3518 legitimum
800 3451 968 3515 reciperare,

95 3556 162 3600 tunc
181 3549 209 3599 iu
228 3548 287 3599 eius
307 3547 397 3596 locum
412 3543 579 3612 mancipium
598 3539 708 3590 domiuo
728 3536 819 3595 daret,
837 3542 885 3584 aut
904 3549 966 3600 prc-

94 3635 165 3686 tium
186 3650 241 3703 quo
259 3632 391 3683 valuisset
410 3633 585 3690 numeraret;
621 3625 703 3708 etiam
725 3638 799 3671 usaue
825 3622 848 3671 si
870 3636 885 3670 a
909 3621 965 3671 suis

93 3720 357 3790 parentibuseerto
370 3716 459 3786 pretio
478 3712 643 3782 conparasti,
662 3712 705 3761 ius
723 3707 838 3759 dominii
858 3717 885 3758 te
903 3722 965 3774 pos·

95 3805 186 3860 sidere
203 3805 398 3857 existimamus.
435 3800 543 3850 utillum
566 3804 656 3847 autem
678 3812 709 3846 es
724 3793 874 3861 gentilibus
893 3792 966 3843 libe·

95 3907 156 3944 rum
176 3890 323 3960 adprobari
349 3891 422 3940 licet.
465 3885 622 3952 Sarlseripta
638 3882 695 3934 xll.
716 3879 965 3948 lst.1lugg‚00n-

95 3979 216 4031 stantino
234 3979 299 4047 Aug.
319 3976 364 4026 lll.
383 3990 470 4026 conss.
488 3971 572 4042 (313.)

94 4065 117 4136 ς.
135 4066 177 4119 35.
214 4064 280 4131 Aug.
301 4072 331 4115 et
348 4062 439 4113 Caesa.
452 4061 481 4109 ³⁰.
518 4057 601 4138 Nulla
618 4053 801 4108 uerecundiae
818 4052 862 4104 vel
884 4052 963 4120 quie·

1016 1133 1079 1195 post
1106 1121 1231 1176 subsidia
1248 1129 1357 1175 nostrae
1382 1121 1603 1175 mansuetudinis
1623 1132 1814 1194 precarenturt
1836 1126 1890 1180 ita·

1017 1228 1072 1280 que
1087 1210 1215 1263 versutiis
1242 1209 1402 1262 calliditatis
1423 1218 1580 1263 commenta
1598 1209 1796 1277 miscentibus,
1825 1212 1890 1265 dum

1016 1296 1181 1349 insidiarum
1193 1297 1216 1332 ³⁶
1233 1296 1389 1349 fallentium
1405 1314 1462 1352 non
1477 1299 1648 1370 suspicamur
1660 1312 1766 1363 arcana,
1780 1315 1830 1368 pro
1846 1298 1891 1354 iu-

1016 1384 1161 1437 nocentiae
1171 1391 1281 1435 uostrae
1293 1392 1390 1435 natura
1404 1392 1508 1437 eeteros
1522 1385 1709 1449 aestimantes,
1722 1385 1891 1440 detrimento

1017 1487 1112 1522 census
1129 1470 1285 1523 nocentiae
1302 1469 1460 1524 levaremus.
1496 1471 1552 1523 Has
1576 1471 1703 1536 fraudes,
1728 1471 1779 1526 iios
1802 1471 1891 1535 dolos,

1016 1559 1084 1609 istas
1103 1558 1246 1626 argutius³⁰
1263 1556 1322 1625 lege
1343 1555 1531 1627 prohibemus,
1549 1559 1747 1612 constitutione
1767 1559 1892 1613 excludi-

1016 1645 1127 1701 rnus³⁹:,
1146 1644 1295 1697 etidcirco
1318 1646 1407 1698 iustae
1428 1645 1620 1714 providentiae
1638 1646 1763 1698 consulta
1783 1647 1892 1698 delibe-

1018 1731 1125 1784 ratione
1142 1732 1298 1793 sancimus,
1317 1739 1348 1782 ut
1365 1732 1479 1784 omnino
1499 1732 1546 1802 qui
1557 1735 1580 1768 ⁴⁰
1598 1738 1731 1802 conparat
1756 1733 1796 1783 rei
1828 1750 1895 1785 cou-

958 1872 960 1875 ,
1018 1827 1130 1887 paratae
1156 1819 1199 1869 ius
1231 1826 1376 1887 cognoseat
1403 1827 1432 1870 et
1462 1835 1575 1871 censum
1602 1820 1650 1881 ⁴¹,
1685 1835 1777 1888 neque
1811 1820 1895 1873 liceat

1019 1905 1102 1956 alicui
1126 1921 1183 1956 rem
1202 1904 1262 1956 sine
1288 1907 1406 1957 censum
1433 1921 1583 1974 conparare
1604 1906 1648 1956 vel
1673 1907 1799 1958 vendere.
1836 1907 1892 1973 lu-{

1018 1992 1123 2058 spectio
1155 1999 1247 2043 autem
1284 1993 1396 2060 publica
1417 1994 1441 2028 ⁴³
1470 1993 1515 2046 vel
1552 1992 1653 2047 fiscalis
1685 2008 1746 2046 esse
1779 1992 1895 2044 debebit
1913 1989 1989 2042 58.a.

1019 2077 1072 2129 hac
1104 2077 1187 2144 lege,
1218 2083 1252 2128 ut
1282 2077 1306 2126 si
1341 2078 1450 2149 aliquid
1476 2079 1537 2131 sine
1573 2094 1656 2131 ceusu
1687 2080 1830 2141 venierit,
1866 2090 1895 2131 et

1018 2170 1082 2232 post
1100 2161 1247 2232 abaliquo
1269 2162 1470 2228 deferreturli,
1494 2164 1625 2218 venditor
1648 2166 1759 2236 quidem
1788 2182 1896 2235 posses·

1019 2251 1145 2314 sionem,
1171 2259 1333 2319 conparatos
1353 2251 1467 2303 veroid
1489 2252 1565 2322 quod
1586 2251 1666 2305 dedit
1684 2254 1804 2322 pretium
1831 2255 1895 2306 fiseo

1019 2336 1176 2390 vindicante
1194 2335 1367 2406 deperdat&
1406 2335 1435 2388 ld
1455 2337 1539 2390 etiarn
1558 2339 1686 2391 volumus
1704 2339 1833 2392 omnibus
1851 2341 1895 2392 in·

1022 2422 1112 2475 timori
1131 2430 1241 2474 nostrae
1266 2422 1431 2475 clementiae
1450 2423 1619 2492 placuisse⁴⁵
1636 2426 1775 2478 neminem
1793 2424 1896 2480 debere

1018 2509 1054 2561 ad
1071 2508 1260 2560 venditionem
1283 2509 1322 2560 rel
1349 2508 1499 2562 cuiuslibet
1516 2509 1655 2563 adfectare
1673 2513 1735 2564 et⁴⁷
1763 2511 1893 2564 accedere

1019 2596 1073 2647 nisi
1094 2609 1128 2644 eo
1146 2601 1285 2662 tempore,
1303 2608 1360 2663 quo
1372 2595 1400 2629 ω
1414 2594 1488 2646 inter
1506 2594 1678 2648 venditorem
1696 2603 1725 2648 et
1743 2604 1892 2666 emptorem

1019 2685 1174 2731 contractus
1193 2678 1365 2732 sollemniter
1382 2681 1546 2749 explicatur,
1564 2688 1638 2734 certa
1657 2690 1686 2734 et
1702 2699 1766 2736 sera
1784 2686 1893 2753 propri·

1020 2774 1078 2818 etas
1095 2765 1194 2815 vicinis
1214 2763 1406 2833 praesentibus
1414 2766 1438 2802 ⁴⁹
1454 2765 1673 2835 demonstratum
1692 2786 1780 2840 usquc
1797 2787 1830 2824 eo
1850 2771 1892 2822 le·

1020 2852 1060 2920 gis
1087 2851 1166 2901 istius
1192 2850 1322 2902 cautione
1350 2858 1477 2904 currente
1495 2854 1533 2916 ⁵⁰,
1562 2860 1594 2904 ut
1620 2855 1728 2910 etiamsi
1759 2856 1892 2909 subsellia

1018 2937 1079 3001 vel,
1101 2943 1133 2988 ut
1147 2937 1229 3006 arrigo
1249 2937 1346 3000 siunt,
1369 2954 1480 2990 scamna
1506 2938 1680 3005 vendantur,
1704 2942 1892 2998 ostendendae

1019 3022 1197 3091 proprietatis
1215 3022 1342 3091 probatio
1368 3025 1533 3095 conplentur
1550 3028 1579 3074 ⁵¹.
1622 3027 1693 3080 ilinc
1711 3031 1815 3082 etenim
1834 3033 1893 3083 iur-

1019 3109 1063 3176 gia
1079 3109 1163 3160 mults
1182 3118 1340 3172 nascuntur,
1361 3111 1428 3163 binc
1442 3112 1620 3181 proprietatis
1634 3114 1694 3165 iura
1713 3121 1892 3180 temerantur,

1018 3194 1085 3247 irinc
1107 3193 1236 3246 dominiis
1263 3198 1455 3249 vetustissimis
1479 3198 1606 3252 molestia
1624 3209 1805 3270 conparatur,
1832 3222 1891 3256 cum

1018 3282 1149 3333 caecitate
1162 3297 1355 3350 praepropera,
1375 3293 1404 3335 et
1423 3286 1462 3335 rei
1480 3284 1662 3355 inquisitione
1677 3288 1809 3355 neglecta,
1829 3291 1891 3342 lucc

1016 3369 1140 3421 veritatis
1159 3369 1268 3430 onaisau,
1286 3385 1336 3420 nec
1354 3372 1540 3440 perpetuitate
1560 3375 1678 3440 cogitata
1698 3373 1826 3438 dominii,
1844 3377 1891 3427 in·

1018 3457 1056 3506 ris
1075 3455 1182 3506 ratione
1201 3456 1369 3524 postposita,
1390 3457 1425 3509 ad
1444 3460 1484 3510 rei
1503 3461 1728 3527 conparationem
1747 3461 1891 3517 accedunt.

1018 3543 1125 3592 omissis
1145 3542 1289 3604 omnibus,
1316 3543 1496 3596 dissimulatis
1515 3554 1599 3616 atque
1616 3546 1755 3616 neglectis,
1777 3548 1806 3599 id
1824 3566 1889 3619 pro-

1017 3632 1114 3694 perant
1128 3640 1211 3697 atquc
1221 3631 1253 3662 θ’·
1263 3629 1406 3692 festinant,
1424 3639 1456 3684 ut
1467 3648 1580 3702 quoquo
1593 3633 1676 3686 modo
1686 3635 1821 3686 cuniculis
1839 3651 1888 3687 ne·

1015 3713 1072 3765 scio
1092 3714 1194 3782 qulbus
1222 3717 1295 3766 inter
1317 3723 1467 3784 emptorem
1495 3725 1524 3770 et
1547 3719 1719 3772 venditorem
1743 3721 1887 3773 sollemnia

1014 3799 1203 3851 celebrentur:
1223 3817 1284 3852 cum
1306 3801 1386 3870 longe
1405 3805 1441 3855 sit
1459 3804 1576 3869 melius,
1598 3805 1681 3858 sicuti
1700 3807 1837 3871 alissimus,
1856 3817 1888 3860 ut

1014 3883 1103 3937 lucem
1123 3887 1247 3938 veritatis
1265 3888 1330 3939 lidei
1351 3889 1524 3953 testimonio,
1543 3891 1656 3961 publica
1673 3909 1756 3958 soce,
1776 3895 1886 3948 subcla-

1014 3972 1181 4025 mationibus
1191 3974 1297 4042 populi,
1314 3974 1432 4028 idoneus
1443 3976 1570 4030 venditor
1588 3978 1762 4048 adprobetfl,
1781 3997 1835 4050 quo
1846 3983 1886 4034 sic

1015 4056 1083 4108 ielis
1091 4062 1256 4127 conparator
1267 4073 1350 4131 atque
1360 4063 1511 4114 ⁵¹“seeurus
1522 4078 1589 4116 aevo
1603 4065 1735 4116 diuturno
1746 4066 1885 4133 persistam

94 4153 131 4202 tis
160 4165 233 4202 mora
264 4149 308 4200 rel
342 4148 471 4220 quolibet
498 4143 644 4196 intervallo
671 4139 818 4193 cunctandi
847 4140 964 4206 passim,
1012 4143 1883 4219 quodproquietetotiussnccessioniseloquimur,neiorteali.

93 4252 170 4290 nune
189 4237 301 4306 singuli,
325 4234 406 4286 modo
425 4232 537 4303 populi,
557 4237 718 4300 proruentes
739 4226 768 4276 in
785 4232 893 4278 nostros
911 4224 964 4275 ob·
1012 4232 1299 4303 quiscenditorsuum
1312 4249 1371 4286 esse
1387 4233 1616 4305 dicatquodesse
1633 4242 1738 4289 constat
1753 4239 1884 4291 alienum,

93 4324 220 4384 2⁰¹¹¹⁸³¹2
243 4324 283 4372 Sic
303 4321 452 4372 uniformes
471 4316 608 4389 querellas
636 4315 734 4367 iisdem
746 4315 768 4347 ¹²
788 4313 845 4365 iere
859 4328 963 4364 sermo·
1010 4317 1051 4367 lta
1061 4325 1233 4386 conparatur,
1244 4319 1467 4372 malovenditore
1476 4318 1606 4386 deterior,
1614 4323 1739 4376 incautus
1749 4332 1776 4378 et
1786 4326 1883 4378 credu-

94 4407 282 4464 cinationibus
304 4408 472 4468 collatarum,
494 4411 524 4455 ut
543 4421 594 4455 nec
613 4400 850 4469 interpellantium
866 4398 963 4450 eredu·
1012 4401 1063 4464 lus,
1073 4419 1134 4456 curu
1149 4406 1360 4457 testificantibus
1370 4407 1465 4459 ricinis
1476 4408 1567 4460 omnia
1580 4407 1832 4482 debeatquacrere,
1846 4414 1881 4466 ab

94 4496 168 4548 litati
184 4495 290 4547 valeret
306 4495 428 4557 occurri,
446 4507 497 4543 uec
515 4491 709 4574 allegationum
732 4487 852 4557 qualitas
869 4486 962 4556 diaps-
1012 4489 1199 4544 universorum
1210 4491 1581 4563 disquisitionedissimulet,
1601 4498 1731 4564 quoniam
1743 4500 1783 4552 sic
1801 4517 1880 4570 opor-

836 4617 861 4624 ..-
867 4615 1233 4627 ——0—-0--0-0-m-
1238 4619 1286 4627 ...—
1295 4619 1469 4627 *a*

93 4703 283 4774 28)Extrems
302 4703 384 4754 huius
403 4716 497 4753 versus
517 4713 679 4769 parsracua
698 4703 748 4756 est,
819 4697 882 4766 28⁸)
901 4695 968 4756 leat.
1003 4697 1081 4765 ·Legi
1110 4716 1134 4750 a.
1163 4699 1191 4748 C.
1220 4699 1240 4750 1.
1270 4701 1330 4752 siue
1354 4717 1436 4752 ceusu
1460 4700 1504 4752 sel
1529 4702 1578 4755 rel.
1606 4702 1682 4756 fund.
1709 4720 1797 4774 comp.
1824 4724 1880 4762 non

93 4789 163 4829 eurr.
181 4775 298 4829 inlicite.
368 4772 413 4841 op)
432 4771 513 4822 Maias
533 4782 581 4824 cst.
601 4767 754 4834 Quodsi..
773 4807 781 4825 .
799 4777 967 4825 numeror-et.
1013 4783 1094 4835 posse
1117 4770 1156 4836 (4.
1175 4770 1228 4839 47.)
1256 4770 1285 4820 in
1311 4771 1364 4821 fine
1390 4771 1501 4827 adiecit,
1597 4773 1643 4841 4ι)
1669 4773 1724 4832 Th,
1749 4777 1780 4828 c.
1812 4795 1879 4831 cm.

94 4846 277 4899 Etiamnunc
289 4843 336 4895 rel.
374 4846 419 4911 30)
432 4843 505 4892 Haec
524 4839 698 4892 Constantini
716 4837 877 4891 constitutio
887 4842 965 4887 trun.
1012 4856 1070 4890 sum
1088 4839 1131 4892 rei
1148 4853 1327 4909 comparatae
1347 4854 1503 4912 eognoscat.
1596 4846 1641 4912 4ι)
1661 4843 1713 4902 Th.
1734 4845 1761 4897 C.
1783 4848 1880 4900 luseris

93 4923 155 4968 ests
175 4921 264 4964 exstat
282 4915 311 4964 in
331 4911 430 4963 'l'heod
458 4908 605 4974 Corl.epit
627 4909 656 4959 l..
678 4925 693 4960 n
721 4907 756 4958 de
774 4913 858 4957 contr.
879 4914 963 4974 empt.
1012 4909 1066 4959 vel.
1172 4910 1218 4978 43)
1245 4909 1286 4958 Ita
1304 4909 1356 4962 Th.
1377 4912 1423 4972 (λς
1451 4911 1482 4961 V.
1506 4911 1643 4982 publicae.
1680 4915 1743 4968 Mai.
1758 4917 1877 4984 publice.

93 4984 133 5053 (3,
158 4985 192 5049 ι.)
209 4982 339 5050 inscripta
360 4985 451 5034 Const-
462 4985 492 5033 A.
502 4978 542 5031 ad
553 4978 732 5048 Gregorium,
748 4978 796 5047 qui
815 4977 852 5028 Pi.
865 4976 889 5026 P.
909 4976 964 5029 luit
1012 4979 1058 5044 44)
1076 4978 1099 5028 T
1101 4977 1127 5028 is.
1142 4977 1172 5034 C.
1185 4992 1211 5032 et
1228 4977 1260 5031 id
1277 4981 1312 5032 ob
1332 4980 1429 5051 aliquo
1447 4979 1597 5055 deferetur.
1632 4985 1679 5052 45)
1698 4983 1749 5034 Th.
1769 4985 1797 5036 C.
1814 5003 1879 5055 per-

94 5069 118 5103 s.
140 5055 244 5108 336.οι
262 5052 398 5122 sequenti.
442 5051 487 5121 δι)
506 5051 537 5101 V.
556 5052 586 5101 in
607 5049 723 5101 obsutus.
761 5047 807 5115 32)
826 5047 859 5102 V.
879 5045 959 5100 idem.
1010 5045 1068 5099 dot.
1139 5049 1184 5117 46)
1204 5048 1254 5100 'lla
1282 5051 1310 5101 C.
1330 5047 1363 5102 id
1379 5052 1463 5103 etiam
1476 5053 1593 5123 placarit.
1654 5052 1752 5122 [pplTh.
1772 5053 1799 5106 C.
1821 5072 1877 5108 uon

93 5124 306 5192 suscitarunt
337 5120 422 5174 Praei.
448 5126 532 5188 praet.
564 5116 725 5185 alloquendi
756 5117 880 5168 formula.
925 5117 959 5168 V.
1009 5116 1093 5169 habet
1111 5117 1254 5186 afficiare
1272 5133 1311 5183 et.
1424 5123 1470 5192 48)
1510 5121 1549 5174 lta
1570 5123 1622 5174 Th.
1640 5123 1686 5186 C.;
1723 5123 1753 5172 V.
1787 5142 1875 5194 quom.

91 5210 120 5266 p.
146 5193 171 5247 lc.
192 5206 222 5247 at
242 5234 250 5248 .
273 5210 300 5244 o.
319 5209 347 5247 o.
370 5193 548 5242 Posteriorem
568 5188 662 5253 sigism
691 5187 846 5255 augustalis
868 5187 958 5253 expli·
1009 5186 1123 5256 49)Τ1ι.
1144 5189 1171 5236 C.
1192 5206 1209 5240 a
1229 5190 1343 5258 vicinis.
1415 5193 1461 5260 50)
1481 5193 1531 5244 Th.
1553 5194 1583 5248 C.
1603 5191 1773 5246 decurrente.
1830 5197 1876 5266 51)

93 5272 202 5316 currerat
239 5265 290 5328 si,
311 5260 407 5312 sedin
429 5258 623 5310 additamentis
650 5257 775 5309 correxit.
859 5257 904 5322 34)
925 5256 958 5308 V.
1010 5257 1051 5307 lta
1083 5256 1135 5313 'lu
1164 5257 1211 5323 C.;
1234 5258 1267 5309 V.
1297 5261 1442 5329 conpletur
1476 5270 1504 5314 et
1538 5277 1601 5312 mos
1623 5277 1766 5330 perperam
1793 5261 1876 5320 dune.

91 5334 179 5404 paris.
295 5333 340 5400 35)
378 5331 411 5385 V.
438 5327 638 5381 nremorainsnt.
671 5325 737 5380 Mai.
762 5327 959 5383 memorabant.
1010 5327 1159 5397 Sequentia
1181 5330 1210 5377 in
1232 5328 1284 5380 Th.
1307 5329 1336 5381 C.
1356 5333 1384 5381 in
1409 5333 1480 5382 lianc
1499 5332 1612 5384 sormam
1635 5338 1773 5383 contracta
1797 5344 1878 5388 sunt:

94 5406 141 5473 36)
165 5403 193 5450 V.
215 5404 367 5455 insacrum.
439 5401 484 5468 37)
523 5401 562 5450 lta
583 5398 611 5448 V.
633 5406 838 5464 prouocantes.
911 5401 960 5458 38)
1006 5397 1064 5450 Neo
1077 5399 1304 5465 interemptorem
1314 5412 1340 5452 et
1352 5400 1523 5454 uenditor-em
1536 5402 1877 5475 sollemnioineaquisitis

93 5471 125 5520 t.
146 5475 292 5542 orgrrtitas.
398 5471 443 5538 39)
483 5469 523 5522 lta
542 5467 605 5517 Mai.
626 5483 701 5535 prop.
726 5495 761 5508 -
780 5467 811 5516 V.
829 5465 959 5519 secludis.
1009 5468 1147 5520 cuniculis
1164 5468 1354 5533 celebrentur,
1381 5469 1625 5541 sedfroudulenta
1651 5469 1777 5526 venditio
1815 5477 1877 5528 eni·

94 5543 142 5611 4ο)
165 5543 256 5596 Priora
274 5541 303 5598 l..
322 5557 345 5595 s.
364 5539 456 5592 'l·h.c.
475 5541 520 5592 cit.
542 5535 635 5597 verbo,
654 5550 724 5605 quae
745 5543 773 5588 et
791 5537 959 5590 lastinianus
1008 5539 1175 5607 tussepulta
1192 5535 1329 5609 depereat.
1363 5538 1554 5610 ⁵¹')V.odqne.
1595 5539 1677 5608 δην.
1699 5492 1875 5614 adprobatur.
