4560 6562
229 363 278 437 er
748 350 841 429 aar
864 349 1090 471 colmam.
1121 349 1177 426 nr.
1220 357 1271 436 n·
1297 353 1346 429 cr
1439 355 1499 431 re.
2006 361 2032 431 e

126 525 132 534 ³
189 548 296 620 r5qaos
311 545 458 602 exheredes
485 544 550 598 licet
575 545 634 598 inre
664 543 740 597 cirili
759 545 766 619 5
788 547 886 614 'sacen
909 545 979 598 ieter
997 554 1105 612 meme,
1154 546 1255 601 civibus
1283 546 1407 602 Romanis
1427 545 1529 601 libertis
1549 545 1642 600 similis
1664 551 1722 613 est,
1747 552 1778 600 et
1801 545 1901 600 iustos
1923 545 2026 603 liberos

226 638 344 706 mmsis
369 635 397 686 id
415 633 551 703 sufficiat,
576 640 605 684 ot
630 630 663 683 ab
689 633 758 684 omni
787 632 931 685 hereditate
947 632 1046 706 pistris
1064 633 1105 685 sni
1153 641 1293 702 procreat3
1312 635 1527 687 mensurantem
1546 633 1629 687 batim
1649 635 1725 687 iare:
1743 649 1798 687 nse
1822 636 1854 688 ei
1873 634 2032 710 liberileir

139 742 141 747 ·
228 730 449 786 summoveantur,
468 728 554 772 umen
572 721 600 771 in
618 718 694 770 honis
712 718 859 771 Latinorum
869 718 928 793 ¹²²,l
949 721 999 771 nisi
1019 720 1105 774 norni-
1154 721 1266 774 heredes
1287 738 1344 775 esse
1364 731 1488 791 possunt3
1509 730 1536 774 et
1553 723 1581 773 in
1599 721 1650 773 hoc
1666 731 1766 774 tanturn
1777 722 2032 800 babettsstaimer

228 813 310 863 natira
327 825 343 861 a
362 816 471 877 parente
489 807 589 860 inerint
606 805 792 877 exheredapti,
821 808 936 874 potiores
961 816 1036 857 emnt
1055 823 1105 858 ex·
1153 802 1303 874 lectionem,
1324 812 1360 862 nti
1380 818 1517 877 patronum
1537 809 1660 862 heredem
1676 811 1824 884 institutae,
1848 813 1949 891 eiqare,
1970 815 1993 866 si
2005 812 2032 865 bs

230 899 328 950 transis
348 895 497 949 heredibus.
604 892 627 965 §.
646 893 689 944 67.
727 894 791 945 item
812 893 844 944 ad
866 893 989 967 hiberos,
1011 893 1105 963 quial
1152 912 1195 947 res
1214 913 1275 948 esse
1292 887 1415 962 nolucrit,
1434 897 1513 948 aliurn
1531 897 1709 971 substituere}
1729 900 1831 965 possit
1912 902 1945 973 ’5.
1960 899 2032 953 'ihi

186 994 221 1031 oa
232 984 376 1038 hereditate
393 984 507 1053 parentis
525 996 555 1034 aa
573 980 765 1052 abstinuepunt
784 1011 1104 1024 -------
1153 985 1214 1051 quia
1232 984 1282 1035 hac
1302 986 1488 1037 constitutione
1507 984 1645 1038 ridebatur
1663 985 1824 1062 ellepctum,
1856 994 1891 1038 nt
1908 1002 2032 1058 numqua

231 1100 484 1117 -----
503 1097 516 1124 a
532 1097 545 1122 s
560 1070 566 1138 5
582 1068 612 1120 ab
627 1066 772 1119 hereditate
791 1093 804 1120 a
824 1067 1007 1119 ealreredati²³
1031 1068 1106 1121 nullo
1153 1071 1195 1121 isti
1216 1069 1335 1123 homines
1354 1079 1484 1140 tamquam
1511 1074 1583 1124 cives
1603 1071 1712 1124 Romani
1731 1071 1944 1146 morelrentur,
1961 1091 2032 1144 quen

230 1158 308 1212 modo
327 1159 377 1211 dici
403 1165 529 1226 possunt,
555 1171 608 1207 nun
630 1155 636 1228 5
656 1156 739 1222 magis
768 1170 845 1222 quam
873 1157 916 1222 qui
950 1163 1106 1207 testamento
1155 1158 1195 1207 ris
1217 1174 1248 1208 eu
1268 1159 1325 1209 iure
1344 1167 1437 1225 postea
1456 1160 1497 1210 nsi
1519 1168 1626 1223 essent,
1657 1174 1709 1227 quo
1735 1159 1782 1212 vel
1806 1177 1846 1211 ex
1870 1158 1955 1234 lelge
1976 1162 2032 1215 ,rsit

230 1247 338 1299 silentio
356 1246 489 1313 praeteriti
511 1247 605 1317 suut}
708 1243 729 1315 5.
752 1239 795 1293 68.
832 1242 877 1293 Ec
894 1242 970 1292 lris²⁸
987 1241 1106 1294 omnibus
1155 1245 1285 1308 Sentiaw,
1316 1244 1359 1295 rel
1387 1261 1421 1296 ex
1439 1246 1674 1298 >senatusconsultu
1702 1247 1778 1298 cives
1797 1246 1929 1300 Romani
1951 1259 2032 1302 essent

231 1335 294 1387 satis
314 1332 380 1383 illud
398 1340 515 1398 apparet,
534 1331 556 1381 si
577 1330 610 1393 is,
630 1329 673 1397 qui
692 1328 810 1379 Latinum
831 1328 836 1401 5
860 1328 953 1380 lecerit
972 1358 1004 1369 -
1024 1359 1057 1372 -
1072 1359 1107 1371 -
1154 1330 1231 1381 dirus
1251 1331 1405 1396 Hadrianus,
1426 1333 1575 1408 iniqniltrte
1592 1335 1630 1385 rei
1649 1341 1749 1398 motus,
1771 1345 1881 1387 auctor
1902 1335 1963 1407 fnit
1975 1353 2032 1390 serr

148 1424 220 1485 144·
235 1443 608 1466 .......
626 1445 638 1470 .
659 1443 672 1469 a
694 1424 707 1479 55
733 1450 1109 1467 ...ww-...w
1155 1417 1309 1469 tusrousulti
1328 1418 1462 1486 faciundi,
1479 1427 1508 1470 ut
1525 1420 1569 1487 qai
1587 1420 1737 1494 ignolrante
1759 1420 1808 1472 rel
1831 1433 1991 1477 recusante
2006 1440 2032 1493 pr

148 1506 209 1570 04¹».
231 1507 259 1571 5,
277 1508 320 1559 21,
356 1538 711 1554 ,ΗΜ
739 1500 745 1572 5
830 1497 851 1570 5.
871 1498 914 1549 69.
932 1499 997 1551 ltem
1016 1528 1050 1540 -
1072 1527 1106 1541 -
1155 1512 1229 1554 trono
1247 1502 1279 1555 ab
1299 1503 1459 1571 Imperatore
1478 1507 1517 1556 ius
1536 1507 1673 1569 Quiritium
1700 1506 1864 1582 couleur-reti
1898 1520 2032 1576 essent,=

162 1582 180 1623 ¹·
192 1589 213 1623 ⁵·
232 1617 700 1639 ---------
719 1614 755 1641 aa
776 1587 783 1660 5
804 1584 891 1653 dispar
910 1616 945 1627 -
963 1616 998 1627 -
1015 1615 1051 1627 -
1071 1615 1106 1629 ·-
1157 1609 1189 1644 eo
1209 1593 1267 1642 iure
1286 1578 1379 1658 postea
1397 1593 1438 1644 nsi
1457 1599 1554 1655 essent,
1572 1608 1624 1660 quo
1644 1609 1677 1644 ex
1694 1591 1879 1669 legephelia
1890 1597 1997 1663 Sentis,
2013 1614 2032 1649 n

233 1706 588 1725 -------
609 1675 615 1748 5
646 1705 682 1717 --
700 1705 733 1716 -
745 1679 791 1716 '-
808 1705 844 1715 -
862 1705 896 1715 -
913 1705 948 1716 -
967 1704 1000 1714 --
1018 1704 1053 1716 -
1071 1702 1105 1715 ·-
1155 1695 1189 1731 ex
1207 1678 1447 1742 senatusconsulto,
1469 1681 1491 1730 si
1512 1679 1595 1730 Latini
1615 1682 1773 1732 mansissent
1782 1683 1829 1756 ²⁹,l
1846 1685 2032 1739 civitatemllt

152 1763 267 1823 145.-
287 1794 323 1810 -ω
340 1798 375 1808 -
393 1793 405 1818 s
420 1763 581 1839 prittantad
596 1777 642 1814 eos
657 1762 797 1828 pertinere,
817 1760 969 1828 quianullo
988 1761 1113 1813 interve·
1155 1781 1255 1816 manam
1274 1774 1514 1833 consequerentur,
1534 1766 1643 1834 proinde
1662 1768 1712 1833 ipsi
1731 1767 1951 1844 habelrentnr,
1980 1789 2032 1826 ser

163 1839 323 1911 97³·nieate
339 1855 345 1928 5
360 1861 483 1904 cananea
502 1850 599 1902 herede
618 1846 846 1912 senatusconsulto
867 1846 939 1901 loeas
958 1863 1010 1899 uon
1029 1851 1106 1899 est²h
1155 1851 1216 1919 lege
1234 1851 1311 1903 helia
1328 1853 1417 1903 Sentia
1440 1852 1484 1903 vel
1504 1852 1732 1906 senatusconsulto
1758 1854 1797 1907 ad
1826 1859 1983 1915 civitatem
2004 1861 2032 1913 lia

234 1946 255 2016 5.
275 1943 317 1994 to.
355 1941 522 1993 Satricum
549 1936 639 1988 liberis
661 1937 727 2007 sniis
754 1937 831 1987 etiam
853 1944 1002 1987 extraneum
1026 1935 1107 1987 bere·
1155 1954 1256 1991 manem
1274 1940 1464 2006 pervenissent.
1479 1941 1493 2006 55

234 2032 293 2082 darn
313 2036 436 2095 patronus
456 2024 607 2092 reliquerit,
628 2023 746 2098 Claelius
765 2022 874 2076 Sabinus
896 2025 947 2086 nit,
966 2031 1020 2074 tota
1039 2021 1108 2074 bona
1150 2036 1156 2044 ‘
1225 2025 1247 2097 5
1270 2025 1312 2076 iti.
1348 2025 1708 2096 Eorumautern,qnoslex
1728 2027 1814 2080 Aelia
1836 2031 2032 2087 Sentinatem

211 2115 283 2184 bpro
300 2112 422 2165 virilibus
440 2110 557 2178 partibus
578 2109 737 2184 adlliberos
753 2110 867 2161 defuncti
887 2112 1026 2177 pertinere,
1046 2110 1108 2178 quia
1156 2113 1254 2164 ciorum
1275 2127 1385 2163 numero
1401 2115 1406 2187 5
1422 2112 1502 2178 lacit,
1528 2112 1598 2165 bona
1616 2115 1693 2166 modo
1720 2119 1802 2183 quasi
1829 2120 1941 2173 eiciar-s
1958 2124 2032 2176 ite-s

235 2217 294 2253 cum
313 2209 447 2254 exuensne
466 2198 555 2271 hcrels
575 2198 723 2262 intervenit,
735 2213 794 2249 non
815 2195 893 2248 hahet
911 2195 954 2248 lex
973 2197 1046 2248 lunia
1064 2196 1107 2248 lo-
1155 2215 1248 2250 noram
1265 2197 1417 2250 libertorum
1433 2203 1463 2264 ³⁰,
1481 2200 1558 2251 modo
1575 2203 1648 2269 quasi
1665 2207 1669 2272 5
1685 2200 1852 2256 Latinorum
1875 2209 1915 2260 rad
1935 2219 2032 2276 petreae

234 2305 303 2352 eum,
325 2288 372 2339 sed
389 2284 679 2357 senatusconsultum!
720 2284 858 2337 Iavolenus
877 2294 962 2336 nutem
983 2287 1027 2348 ait,
1047 2292 1108 2335 tan-
1159 2287 1297 2352 pertinent.
1398 2287 1420 2359 5.
1441 2286 1484 2338 75.
1520 2287 1584 2339 llam
1605 2304 1694 2340 eorum
1714 2288 1805 2364 bolma
1827 2296 1892 2361 qui,
1914 2299 1940 2350 ei
1958 2299 1985 2349 in
2005 2297 2032 2348 rii

236 2384 290 2427 tum
308 2390 365 2426 cam
387 2382 485 2441 partem
506 2387 538 2423 ex
555 2371 783 2424 senatusconsulto
804 2370 914 2445 libeiros
940 2371 1041 2438 patroni
1059 2386 1109 2438 pro
1159 2388 1213 2442 qno
1231 2374 1295 2424 vitto
1316 2387 1368 2424 nou
1387 2382 1493 2438 esseut,
1518 2376 1668 2428 manumissi
1699 2376 1771 2428 cives
1807 2379 1937 2436 Bouiani
1949 2386 1960 2459 5
1975 2386 2032 2438 tna

236 2460 355 2513 virilibus
372 2461 488 2529 partibus
506 2459 641 2511 habituros
661 2474 729 2523 esse,
745 2459 751 2534 5
769 2475 845 2526 quarn
864 2461 980 2510 extranei
998 2458 1109 2511 heredes
1160 2467 1258 2522 creent,
1277 2461 1351 2527 quasi
1370 2461 1465 2510 civium
1477 2461 1650 2512 homanorum
1669 2463 1788 2528 patronis
1809 2467 1911 2521 eade·
1923 2470 1982 2536 kg,
1996 2471 2032 2520 αι

195 2552 295 2600 warte
312 2546 567 2602 senatusconsultum
588 2545 649 2614 lege
667 2546 741 2597 lunia
762 2545 873 2597 babituri
895 2554 992 2609 essent,
1015 2545 1021 2621 5
1045 2543 1110 2597 reli·
1159 2547 1294 2621 hulnutur.
1332 2561 1385 2597 nou
1401 2553 1488 2597 tamen
1506 2546 1532 2598 hi
1552 2546 1649 2598 habent
1667 2549 1745 2598 etiam
1762 2553 2032 2629 testamentihietio-

235 2649 300 2703 quas
318 2649 382 2687 sero
403 2642 489 2702 partes
509 2649 556 2700 pro
575 2632 738 2683 hereditariis
757 2631 872 2700 partibus
891 2632 923 2683 ad
945 2633 1003 2706 clos
1025 2633 1109 2700 perti·
1159 2649 1236 2697 nem3
1256 2649 1315 2684 nam
1335 2633 1361 2684 id
1379 2634 1512 2701 plerisque
1530 2634 1637 2701 placuit,
1658 2650 1708 2685 nec
1727 2636 1891 2692 inrueritoa
1906 2642 2027 2713 mlh·

233 2737 308 2777 nere.
409 2723 431 2794 5.
451 2722 493 2773 71.
530 2721 594 2772 ltern
613 2721 756 2788 quaeritur,
775 2736 807 2771 en
826 2720 875 2771 boc
895 2719 1110 2774 senatusconsul-
1160 2719 1286 2773 credibile
1303 2720 1448 2784 ridebatur,
1468 2722 1599 2787 pessimae
1620 2720 1785 2773 condicionis
1814 2725 2024 2802 heiminihre·

235 2817 291 2861 tum
313 2809 320 2882 5
340 2806 373 2860 ad
391 2823 437 2861 eos
458 2808 559 2874 patruni
581 2805 679 2859 liberos
700 2809 844 2875 pertineat,
872 2809 917 2876 qui
937 2823 970 2859 ex
990 2806 1043 2859 lilia
1059 2825 1110 2861 ne·
1160 2807 1243 2859 luisse
1262 2808 1330 2877 legis
1355 2806 1464 2860 latorem
1491 2809 1639 2860 testamenti
1660 2809 1789 2884 reiciundi
1828 2815 1879 2868 ius
1902 2816 2032 2870 eom

234 2896 324 2968 preire
343 2904 524 2963 procreantur,
543 2895 570 2947 id
591 2903 640 2958 est,
659 2902 688 2946 nt
703 2910 870 2962 aepnsmeus
888 2910 923 2946 ex
941 2893 995 2946 lilia
1013 2895 1108 2968 potior}
1161 2896 1182 2969 5.
1201 2893 1244 2946 76.
1280 2894 1377 2946 Eorum
1397 2911 1461 2947 vero
1484 2895 1553 2947 bona
1573 2897 1634 2964 qui,
1665 2897 1688 2948 si
1714 2897 1801 2970 noni
1829 2902 1863 2953 in
1884 2905 1977 2974 alique
1992 2904 2032 2956 aih

196 2985 270 3038 risit
287 2985 315 3035 iu
335 2983 411 3035 bouis
429 2984 512 3035 Latini
528 2982 580 3032 mei
599 2997 677 3049 quarn
695 2990 834 3033 extraneus
854 2981 940 3032 heres.
977 2979 1111 3054 iterator
1161 2989 1261 3045 essent,
1281 2983 1431 3034 manumissi
1451 2981 1528 3034 futuri
1547 2980 1648 3056 Latini!
1668 2992 1767 3047 essent,
1786 2991 1921 3052 proinde
1941 2992 2032 3044 tribum

158 3071 161 3077 ⁴
234 3078 366 3123 maternos
386 3068 492 3121 Latinos
512 3067 563 3118 hoc
582 3066 836 3118 senatusconsultum
851 3069 999 3133 pertineat,
1026 3082 1111 3135 quae·
1161 3076 1202 3120 tur
1221 3071 1353 3135 patronis,
1372 3086 1403 3119 ac
1423 3070 1445 3120 si
1463 3069 1545 3120 latini
1565 3069 1764 3142 depressissem.
1789 3088 1852 3126 uec
1876 3093 1926 3130 nre
1941 3087 2032 3146 praeter

235 3159 309 3219 ritur,
327 3155 353 3205 irl
372 3157 460 3229 est,l
485 3163 514 3206 ut
532 3155 558 3204 in
577 3152 652 3205 bonis
673 3153 758 3205 Latini
777 3155 887 3204 materni
908 3155 994 3219 potior
1011 3155 1045 3204 sit
1062 3169 1112 3221 pa·
1160 3158 1197 3220 it,
1224 3171 1278 3206 nou
1304 3157 1366 3206 satis
1393 3156 1420 3205 in
1447 3171 1480 3206 ea
1505 3172 1534 3208 re
1551 3155 1632 3230 lelegis
1651 3155 1761 3208 latorem
1787 3159 1972 3218 voluntatem
1988 3179 2032 3219 saa

235 3252 329 3295 tronae
354 3242 442 3304 lilius,
464 3240 470 3313 5
493 3257 569 3309 quam
596 3240 672 3293 heres
702 3247 840 3293 extraneus
864 3241 959 3291 matris.
1020 3239 1111 3292 Cassio
1161 3242 1249 3295 verbis
1270 3245 1461 3313 expressisse!
1813 3234 1819 3244 ’

237 3328 346 3396 placuit,
365 3336 476 3394 utroque
496 3327 502 3401 5
524 3342 587 3378 casu
605 3324 693 3378 lecum
712 3340 772 3376 esse
793 3323 1028 3379 senatusconsulto.
1065 3326 1112 3378 sed
1233 3329 1255 3403 5.
1272 3329 1315 3382 77.
1351 3329 1490 3381 Videamus
1509 3337 1595 3381 antem
1614 3329 1689 3381 etde
1710 3344 1741 3381 ca
1758 3339 1978 3405 successione,
1995 3354 2032 3409 qn

237 3416 315 3468 huius
341 3414 508 3488 sentcnltiam
526 3412 647 3480 plerique
672 3410 835 3478 inprobant,
865 3414 927 3481 quia
950 3421 1054 3465 senatus
1078 3412 1112 3464 de
1160 3415 1237 3469 nobis
1258 3416 1305 3491 elx
1329 3417 1462 3484 emptione
1481 3415 1607 3467 bonorum
1626 3419 1758 3484 competit.
1852 3424 1880 3494 5,
1906 3426 1954 3479 78,
1990 3425 2032 3478 leq

194 3504 280 3556 nohis
301 3502 402 3576 libclris
422 3510 588 3568 patronarum
608 3497 673 3552 nihil
693 3501 805 3565 sentiet,
831 3501 875 3567 qui
892 3499 970 3552 aliam
989 3497 1112 3552 familiam
1162 3512 1248 3556 autem
1269 3503 1397 3575 reuoluat
1423 3510 1468 3554 aut
1485 3502 1622 3567 virorum,
1653 3511 1697 3553 aut
1712 3510 1902 3563 mortuorum.
1941 3513 2032 3565 vim

238 3589 432 3662 sequierentur.
467 3588 547 3656 idque
565 3582 648 3639 exeo
669 3586 784 3655 adparet,
803 3586 873 3654 quod
893 3589 1042 3640 nominatim
1065 3603 1113 3639 ex·
1162 3591 1253 3665 reiut}
1277 3606 1375 3654 eorum,
1394 3591 1439 3658 qai
1457 3589 1626 3643 fraudationis
1647 3605 1727 3641 causa
1744 3589 1867 3658 latitant,
1889 3614 1948 3651 nec
1961 3600 2032 3652 thesi

238 3676 390 3750 hereldatos
408 3677 619 3728 summersam:
637 3691 697 3726 uam
714 3674 817 3727 videtur
836 3673 918 3727 dehis
929 3675 1035 3740 sentire,
1056 3675 1110 3749 quii
1163 3680 1222 3754 tesi
1242 3676 1432 3741 dclendnntnr3
1452 3678 1516 3728 item
1536 3691 1635 3740 eorum,
1654 3677 1697 3744 qui
1718 3691 1751 3727 ex
1768 3674 1835 3745 lege
1858 3681 1940 3737 lulis
1957 3686 2032 3739 bonis

240 3763 392 3818 exheredari
411 3779 426 3815 a
444 3771 551 3831 parente
569 3762 663 3827 solent,
682 3765 705 3815 si
720 3762 830 3817 heredes
848 3779 901 3815 non
921 3764 1112 3838 instimlautur3
1162 3767 1275 3828 cedunt;
1293 3767 1355 3826 item
1373 3764 1543 3816 iudicatorum
1564 3772 1624 3830 post
1643 3771 1755 3830 tempus,
1778 3767 1857 3831 quod
1886 3774 1932 3824 eis
1949 3774 2032 3848 {perd

159 3844 327 3919 Illincque
344 3858 430 3902 autern
448 3852 522 3902 matri
540 3849 621 3903 lilium
638 3849 769 3914 illiarnve,
792 3867 879 3920 neque
902 3867 952 3903 arc
969 3857 981 3922 55
995 3861 1112 3905 materno
1162 3852 1223 3920 lege
1240 3868 1281 3905 xrr
1300 3851 1455 3916 tabularum,
1477 3852 1569 3919 partim
1585 3851 1670 3902 edicto
1684 3851 1817 3904 Praetoris
1839 3857 1878 3909 ari
1892 3863 2029 3929 expedim

170 3925 360 4007 athneponn
380 3945 538 4004 neptemve,
562 3939 585 3990 si
605 3953 664 3989 aum
681 3953 774 3990 eamve
792 3938 915 3990 heredem
937 3941 943 4013 5
964 3956 1017 3992 aon
1034 3942 1113 3993 insti·
1162 3939 1220 3991 darn
1240 3940 1377 4008 pecuniam
1398 3938 1525 3990 tribuitur.
1542 3945 1547 4002 Ι
1562 3946 1720 3993 mortuorum
1742 3937 1814 3990 hona
1833 3958 1972 4001 remeunt
1988 3949 2032 4001 neh

239 4033 302 4089 tuat,
322 4023 482 4076 exheredare
501 4039 612 4077 necesse
630 4032 680 4087 est,
700 4026 757 4077 siro
775 4024 808 4077 de
829 4027 886 4077 inre
902 4026 975 4077 cirili
997 4027 1004 4101 5
1029 4043 1113 4096 qnae·
1163 4041 1270 4090 eorum,
1288 4024 1380 4094 quibus
1401 4025 1513 4098 ceritum
1532 4033 1572 4077 est
1590 4042 1676 4093 neque
1695 4024 1830 4092 heredes,
1850 4046 1956 4102 neque
1976 4037 2032 4088 Μ

239 4128 336 4177 ramus,
355 4113 413 4164 sive
432 4111 465 4163 de
484 4110 570 4173 edicto
588 4111 734 4176 Praetoris,
754 4127 806 4179 qno
825 4115 972 4180 praeteritis
992 4113 1110 4190 liberis!
1161 4130 1218 4166 rum
1237 4128 1423 4181 possessores,
1454 4128 1540 4181 neque
1562 4112 1643 4164 ullum
1661 4112 1739 4163 aliurn
1755 4118 1767 4181 55
1782 4114 1890 4170 iustum
1912 4136 2032 4177 successe

239 4207 332 4252 contra
358 4199 461 4252 tabulas
485 4201 635 4252 testamenti
666 4197 792 4251 bonerum
819 4203 953 4269 possessio
982 4202 1114 4269 promitti·
1162 4217 1218 4253 rem
1237 4203 1359 4253 existere.
1456 4200 1540 4273 579.
1576 4200 1709 4269 Siquidem
1728 4201 1808 4273 viril
1831 4202 1910 4257 bona
1933 4225 2032 4263 renen

240 4287 310 4359 turi
1162 4288 1236 4340 iubet
1255 4304 1287 4340 ea
1305 4288 1412 4341 Praetor
1429 4303 1476 4355 per
1496 4287 1551 4339 dies
1570 4291 1706 4339 continuos
1734 4303 1785 4338 xxx
1801 4293 1806 4356 5
1824 4296 1976 4355 possideri
2003 4304 2028 4349 et

215 4379 232 4432 5
309 4369 386 4444 §.ta
406 4370 555 4440 Aliquando
573 4379 660 4424 umen
680 4372 746 4424 ciris
767 4371 898 4425 nonanus
920 4372 1029 4426 libertus
1046 4383 1113 4427 tanr-
1163 4374 1304 4443 proscribi,
1323 4374 1344 4426 si
1362 4390 1426 4427 vero
1447 4377 1550 4439 mortui,
1571 4378 1666 4441 pust⁸²
1685 4375 1740 4431 dica
1758 4388 1801 4425 xv.
1823 4381 1946 4452 posttea
1956 4385 2029 4436 iubet

239 4472 319 4526 quarn
340 4457 446 4510 Latinus
465 4460 589 4522 moritur,
618 4457 714 4532 relluti
732 4461 754 4510 si
773 4458 878 4511 Latinus
897 4462 972 4512 salro
989 4463 1114 4531 iuro'pa-
1164 4463 1305 4515 convenire
1318 4461 1471 4526 creditores,
1490 4469 1517 4513 et
1535 4477 1568 4513 ex
1586 4477 1617 4513 eo
1638 4462 1757 4535 numelro
1776 4467 1945 4530 magistrum
1964 4487 2032 4524 eren

241 4544 310 4594 troni
328 4542 361 4595 ab
378 4545 537 4610 imperatore
557 4546 597 4597 ius
609 4544 928 4619 Quiritinrneoalsecutus
943 4549 1028 4600 luerit.
1054 4566 1114 4602 naar
1165 4548 1192 4600 id
1210 4557 1259 4613 est,
1277 4565 1354 4612 eum,
1381 4565 1429 4618 per
1454 4565 1531 4617 quem
1557 4548 1628 4601 bona
1650 4544 1785 4624 vetuerint.
1833 4553 1938 4622 itaque
1961 4560 1987 4611 ei
2005 4559 2032 4609 vi

240 4631 317 4684 ito²⁷
344 4629 420 4680 dirus
449 4631 575 4683 Traianus
595 4635 770 4704 eonstituit,l
796 4636 817 4685 si
836 4634 942 4686 Latinus
971 4637 1053 4687 inrito
1072 4637 1116 4690 vel
1165 4635 1234 4688 bona
1251 4644 1382 4700 reneaut,
1411 4637 1438 4688 in
1456 4635 1547 4688 dicbus
1568 4667 1599 4678 -
1620 4637 1722 4706 -5η
1741 4634 1832 4698 iubet,
1861 4642 1885 4691 si
1908 4647 2032 4698 merarii

243 4718 383 4785 ignorante
406 4725 515 4783 patrono
543 4719 584 4767 ius
608 4718 744 4781 Qniritium
766 4720 800 4770 ab
825 4721 983 4787 imperatore
999 4723 1004 4792 5
1020 4738 1117 4775 conse·
1167 4753 1395 4767 -----
1402 4726 1443 4785 ³⁴3
1460 4738 1520 4772 narn
1537 4723 1592 4773 riri
1609 4721 1690 4795 belna
1707 4738 1767 4785 xxx,
1786 4730 1887 4779 mortui
1909 4746 2031 4785 veruxx

203 4814 319 4856 recatus
339 4805 381 4855 sit.
417 4801 512 4872 quibus
529 4804 631 4856 casibus
653 4805 789 4858 damvirit
806 4807 997 4882 istclibcrltns,
1018 4813 1116 4862 ceteris
1168 4810 1277 4876 emptori
1298 4808 1383 4859 addici
1406 4807 1488 4859 iubet.
1535 4808 1628 4880 quiere
1653 4818 1738 4860 autem
1767 4809 1871 4864 tardius
1903 4819 2032 4872 virentia

247 5048 313 5114 122)
331 5046 425 5100 Sched.
445 5046 512 5097 latia
530 5048 589 5114 [Ed.
604 5066 644 5102 ιτ
662 5049 757 5120 Latine]
918 5053 978 5122 [23)
997 5053 1118 5120 Tempta-
1169 5053 1216 5118 27)
1234 5050 1297 5104 Cori.
1317 5060 1352 5103 et.
1376 5051 1462 5120 [Coni.
1483 5051 1514 5102 ad
1534 5052 1674 5104 Commii.
1693 5054 1805 5124 mind]
1928 5061 1985 5134 28)
2005 5064 2032 5116 Α

244 5119 319 5170 laam:
337 5136 368 5170 se
388 5117 498 5179 alarin,
516 5118 597 5171 sitam
612 5122 734 5188 pertinet,
754 5122 1120 5187 qnornoisabertrerreirre-
1169 5124 1207 5174 iia
1225 5125 1317 5174 Sentis
1353 5121 1465 5174 Codes
1502 5124 1628 5188 Scriptum
1647 5122 1783 5191 oportebat
1801 5141 1832 5175 as
1906 5131 1963 5199 29)
1983 5152 2032 5186 Μ

243 5190 377 5258 pellantur
397 5189 430 5240 ab
447 5187 546 5252 berea,
564 5191 631 5257 qnod
650 5190 704 5255 (vel
727 5197 799 5262 nem)
820 5192 943 5244 exhered.
997 5192 1120 5246 Ceterum
1168 5196 1261 5246 senne
1297 5193 1359 5244 Gud.
1379 5194 1529 5244 innormiess'
1547 5204 1631 5246 errent
1705 5193 1953 5261 supersternere.
1995 5206 2032 5258 Co

245 5259 310 5312 Cod.
330 5259 372 5310 hic
390 5259 430 5310 bis
448 5258 528 5311 babet
545 5277 563 5311 a
581 5260 743 5331 hereditate]
916 5263 965 5330 27)
984 5264 1119 5316 Schedie
1169 5282 1197 5316 ec
1215 5263 1364 5315 liberatorem
1384 5263 1471 5332 [Coei.
1492 5273 1544 5315 not.
1569 5271 1637 5334 ιι6.]
1795 5264 1845 5335 31)
1870 5272 1979 5326 Sched.
1995 5293 2032 5346 ps

247 5331 295 5396 25)
316 5330 378 5381 Loci
400 5332 555 5382 sententiam
575 5331 641 5382 hanc
660 5347 719 5382 csse
737 5340 816 5398 puto:
843 5332 912 5385 bona
930 5335 1014 5386 Latini
1034 5335 1066 5387 ad
1083 5335 1120 5386 li·
1169 5334 1265 5386 sederit
1500 5335 1549 5402 32)
1567 5337 1699 5388 Sententia
1719 5336 1853 5402 postulare
1876 5343 2032 5416 videtnrp

247 5399 325 5451 beros
354 5402 535 5453 manumissori
563 5418 596 5454 ex
624 5401 769 5468 disparibus
794 5405 908 5470 partibus
938 5404 1119 5469 succedentes,
1167 5405 1217 5474 (tt)
1239 5402 1330 5455 selred.
1354 5405 1439 5456 iubent
1619 5407 1667 5473 34)
1686 5405 1794 5460 screa:
1816 5412 1969 5481 npcipm‘
1987 5416 2032 5468 inb

249 5469 322 5521 nullo
342 5479 465 5522 extraneo
483 5471 579 5526 herede
600 5474 811 5539 interveniente,
840 5490 893 5526 nou
922 5491 967 5541 pro
993 5476 1121 5540 virilibus,
1171 5477 1191 5526 si
1211 5477 1303 5524 mortni
1323 5476 1348 5524 iu
1367 5475 1880 5548 dissolvelmpremphnosrelqjssrbrsr
1919 5486 1967 5537 A„
1987 5486 2032 5557 (ph

249 5539 296 5592 scd
316 5554 363 5606 pro
384 5539 544 5596 hereditariis
562 5543 677 5613 partibus
695 5545 835 5614 perlitasse.
916 5546 966 5616 25)
983 5547 1121 5618 [Scrihcn-
1171 5545 1253 5615 ribos)
1269 5546 1354 5595 veniri
1373 5545 1446 5608 inin,
1465 5548 1487 5598 si
1506 5550 1617 5612 mortui,
1638 5551 1664 5600 in
1686 5548 1772 5601 diebus
1785 5552 1997 5621 paucioribus?

249 5610 309 5664 dum
329 5616 487 5681 summovet]
1017 5619 1019 5627 ’
1170 5616 1221 5688 35)
1239 5630 1273 5666 xx
1308 5614 1403 5669 llollw.
1424 5637 1473 5670 rr.
