4560 6562
243 338 306 417 tl*
437 339 542 417 otu
565 337 963 419 rusmrurtouuut
1010 336 1156 414 mann
1177 334 1372 412 emarus.
1421 335 1454 408 1.
1477 337 1506 416 ι
1533 335 1614 404 r...
1647 331 1715 397 111.
1740 335 1775 410 ι.
1800 334 1832 398 ι.
1960 291 2075 401 ‘rr‘

153 539 172 589 1.
186 537 264 603 33).
282 551 307 604 7·
343 534 486 588 Praeterea
503 533 597 586 minos·
613 533 781 603 quicumque
797 531 904 603 viginti
913 546 1049 584 annorum
1061 527 1112 581 do·
1163 523 1377 594 comprehensa3
1409 521 1460 594 qui
1484 537 1549 575 vero
1575 520 1703 591 postea¹³
1734 532 1815 585 supra
1841 514 2025 568 constitutum

238 621 329 672 asinus
347 619 506 673 libertatem
525 619 635 671 semo²⁹
652 617 789 670 darenon
809 625 914 685 potest5
938 616 993 668 nisi
1011 615 1112 666 forte³⁰
1157 628 1301 664 numerum
1318 608 1479 662 manumissi
1497 607 1635 677 leguntur,
1647 607 1669 642 ¹⁸
1697 606 1728 657 in
1747 603 1879 655 servitute
1898 616 1946 654 eos
1966 618 2026 654 cer·

154 708 175 769 1.
184 709 227 780 39.
239 713 348 769 tautum
359 707 382 741 ³¹
410 706 502 759 minor
519 704 718 765 manumissor,
740 703 785 755 cui
812 715 893 773 pater
912 717 977 757 suus
998 702 1020 735 ³²
1050 700 1111 752 et³³
1158 700 1249 751 tum¹⁵
1275 702 1318 748 est
1343 707 1511 766 permanere.
1547 691 1646 764 quodsi
1666 689 1756 743 ιιοιι33
1781 687 1946 738 nominatim
1957 688 2027 740 terti

237 805 326 846 mater
345 810 361 844 a
377 800 494 862 patrono
513 789 609 844 donati
627 795 706 851 sunt,
724 787 835 840 eonium
852 787 1043 851 manumittat,
1063 797 1114 839 atst
1156 783 1201 841 vei
1219 782 1335 836 ancillae
1354 782 1384 834 in
1401 787 1565 832 testamento
1583 777 1822 837 manumittantur,
1844 773 1894 826 sed
1913 772 2027 825 contuse

236 885 310 932 certe
338 877 530 951 paedagogum
560 888 610 932 aut
645 875 847 927 collactaneum
880 874 1057 926 manumittat
1081 872 1111 921 ³⁴.
1157 884 1252 921 omnes
1272 884 1363 922 servos
1381 883 1444 918 suos
1463 867 1542 919 velu
1571 863 1684 917 ancillas
1703 862 1742 923 is,
1768 861 1817 931 qui
1834 864 2027 912 testamentum

156 973 298 1040 itonam
324 962 477 1036 quamlibet
497 966 520 998 ³⁵
544 961 691 1023 dominus,
713 958 744 1012 id
770 960 850 1012 cst⁸⁶
888 955 1112 1030 quattuordecim
1157 954 1266 1016 iacitffi,
1290 953 1394 1006 liberos
1415 951 1506 1005 iacere
1522 949 1652 1011 voluerit,
1670 947 1743 999 nulli
1756 945 1868 1014 penitus
1879 944 1957 996 iirma
1969 959 2027 996 esse

151 1557 170 1606 r
186 1557 228 1624 ιι.

155 1651 174 1701 t
188 1653 230 1719 ts.

236 1068 326 1104 antias
346 1066 467 1119 egressus
477 1051 517 1112 ³²,
538 1059 730 1102 testamentum
746 1047 849 1114 facere
868 1045 955 1118 possit
967 1044 990 1078 ³⁸
1013 1041 1041 1097 et
1061 1043 1111 1095 be-

236 1135 328 1191 redem
360 1136 508 1189 instituere
532 1141 560 1185 ct
577 1135 671 1203 legata
691 1131 866 1204 relinquere,
893 1130 1048 1184 libertatem
1068 1136 1112 1181 ta·

234 1238 299 1274 mon
320 1221 343 1257 ³⁹
366 1223 451 1274 servis
468 1238 526 1272 non
541 1226 633 1291 potest
653 1218 683 1270 in
706 1217 758 1270 hac
777 1223 867 1269 aetate
886 1216 1021 1269 conferre.

239 1361 300 1403 ΤΠ.
324 1362 360 1401 11.
385 1361 424 1401 DE
446 1358 576 1400 uvanto
598 1355 760 1397 SERVORUM
782 1354 982 1398 TESTAUEETO
1005 1353 1108 1396 MAMI-

556 1453 789 1496 nutrimentu·

311 1552 496 1605 Constitutum
514 1562 555 1602 est
581 1554 714 1619 quantum
739 1563 878 1600 servotum
902 1561 1046 1598 numerum
1070 1561 1111 1602 u.

239 1651 373 1693 stamento
394 1637 427 1689 sic
453 1640 579 1708 quauta¹
595 1635 700 1686 familia
714 1635 795 1685 liceat
807 1634 978 1695 manumitti,
996 1634 1048 1684 lroc
1065 1652 1109 1686 or-

240 1725 314 1788 dine,
335 1733 380 1786 ut,
399 1724 422 1775 si
443 1724 506 1794 quis
525 1720 593 1774 duos
611 1735 703 1773 ternos
723 1718 821 1780 babet,
846 1717 941 1770 ambos
961 1720 1110 1772 manumit-

239 1824 297 1866 tere
315 1810 419 1880 possit;
443 1809 578 1877 quivero
597 1813 668 1868 tres,
688 1803 757 1857 duos
776 1811 941 1857 testamento
958 1806 1108 1858 manumite

239 1901 313 1951 trt²:
335 1895 403 1963 qni⁸
427 1900 571 1965 quattuor,
583 1893 712 1945 similiter
725 1891 809 1944 duos:
831 1890 880 1960 qui
897 1907 955 1954 sex,
973 1898 1042 1944 tres:
1063 1892 1113 1961 qui

239 1991 312 2046 octo,
327 1988 470 2053 quattuor:
487 1982 536 2050 qui
548 1977 652 2041 decem,
671 1979 809 2049 quinque:
825 1978 876 2049 qui
890 1976 1027 2039 undecim,
1044 1977 1114 2029 duu-

239 2067 339 2131 decins,
357 2066 502 2126 tredecim,
523 2063 760 2135 quattuordecim,
778 2063 955 2134 quindecim,
978 2061 1115 2130 sedecim,

244 2154 339 2206 dcccm
356 2159 386 2206 et
402 2154 546 2221 reptent,
571 2152 702 2205 similiter
720 2153 861 2222 quinque:
891 2151 941 2220 qui
966 2151 1060 2204 decent
1084 2156 1114 2203 et

240 2247 313 2302 octo,
333 2254 396 2291 sex:
416 2245 446 2292 et
460 2236 495 2288 ab
515 2237 568 2291 boc
584 2254 699 2291 numero
719 2251 807 2307 usquc
825 2235 881 2289 ad⁵
903 2237 1035 2306 triginta,
1055 2249 1121 2298 terr

144 2375 148 2383 .
241 2326 311 2380 tiam
334 2337 446 2396 partem
464 2326 657 2378 manumittere
688 2324 787 2377 liceat:
815 2325 867 2396 qui
890 2323 1007 2391 amplius
1032 2339 1117 2394 quarn

238 2414 361 2483 triginta
388 2411 517 2464 babuerit
557 2425 644 2480 nsque
670 2408 705 2461 ad
730 2423 859 2492 centum,
891 2423 1022 2482 quartam
1044 2425 1116 2479 par-

243 2499 316 2550 ιιιιι6
344 2498 380 2551 de
403 2514 517 2550 numero
542 2512 682 2549 sertorum
708 2496 902 2547 manumittere
930 2502 1038 2564 potest:
1064 2496 1116 2567 qui

241 2600 305 2636 vero
313 2584 409 2654 plures
422 2598 507 2655 quam
526 2594 633 2635 centum
650 2580 788 2644 babuerit,
800 2585 927 2654 quintam
939 2596 1047 2651 partem
1055 2598 1116 2633 tua·

1156 1039 1269 1094 iubetur
1291 1038 1344 1090 hoc
1368 1038 1465 1092 ordine
1485 1035 1554 1090 data
1571 1035 1705 1102 libertas,-
1734 1032 1784 1085 sed
1804 1046 1900 1083 omnes
1920 1031 1951 1081 in
1968 1045 2026 1082 scr-

1158 1126 1209 1180 vili
1225 1125 1405 1187 condicione,
1425 1125 1473 1193 qui
1491 1122 1545 1175 hoc
1562 1120 1660 1173 ordine
1681 1118 1840 1171 manumissi
1858 1121 1941 1179 sunt,
1962 1131 2027 1185 pes·

1157 1209 1318 1263 manebunt.
1356 1227 1421 1263 nam
1437 1220 1465 1261 et
1481 1208 1507 1258 si
1525 1208 1565 1258 ita
1583 1209 1613 1259 in
1630 1216 1792 1260 testamento
1810 1216 1955 1255 servorum
1971 1218 2027 1254 ma·

1158 1299 1292 1351 mumistia
1320 1296 1455 1365 adscripta
1477 1294 1577 1356 fuerit,
1604 1290 1634 1343 id
1658 1290 1749 1343 estin
1771 1288 1890 1351 circulo,
1922 1296 1955 1341 ut
1980 1289 2027 1358 qni

1157 1383 1282 1453 prior²⁹,
1316 1382 1364 1451 qui
1400 1381 1538 1450 posterior
1565 1376 1722 1430 nominatus
1749 1377 1799 1436 sit,
1823 1375 1916 1426 ιιοιιιο
1945 1373 2029 1442 possit

1157 1471 1283 1539 agnosci,
1303 1468 1376 1519 nulli
1393 1482 1427 1518 ea
1444 1465 1488 1516 his
1506 1465 1662 1518 libertatem
1680 1460 1771 1515 valere
1784 1461 1962 1513 menifestum
1978 1466 2029 1521 cst,

1156 1557 1182 1608 si
1199 1556 1309 1624 agnosci
1327 1569 1383 1605 non
1402 1558 1494 1622 potest
1516 1552 1566 1621 qui
1586 1550 1703 1619 prior²¹,
1724 1549 1772 1617 qui
1789 1547 1929 1617 posterior
1947 1545 2029 1598 luerit

1156 1641 1337 1693 manumissus
1348 1641 1379 1687 ²².
1407 1641 1430 1704 §.
1440 1639 1464 1691 3.
1481 1635 1549 1688 Nam
1559 1638 1583 1688 si
1594 1634 1695 1705 aliquis
1703 1634 1733 1686 in
1742 1632 1918 1702 aegritudine
1930 1632 2029 1685 consti·

1158 1733 1235 1778 tutus
1243 1728 1274 1778 in
1285 1723 1412 1796 fraudem
1422 1724 1507 1777 buius
1521 1723 1589 1792 legis
1602 1721 1691 1773 faeere
1700 1719 1855 1773 noluerit²³
1883 1725 2029 1770 testamen.

1159 1822 1227 1877 tunt,
1242 1811 1290 1864 scd
1302 1814 1325 1848 ²⁸
1346 1800 1531 1880 epistolisaut
1541 1806 1763 1878 quibuscumque
1775 1805 1839 1856 aliis
1852 1803 1968 1857 robus²⁵
1977 1821 2033 1856 ser·

1157 1899 1198 1952 vis
1217 1899 1273 1949 suis
1285 1896 1422 1968 pluribus,
1438 1912 1520 1965 quant
1536 1910 1585 1963 per
1601 1899 1793 1945 testamentum
1806 1890 1890 1954 licet,
1909 1890 2030 1944 conferre

1160 1984 1282 2037 voluerit
1300 1982 1451 2045 libertates,
1470 1991 1499 2035 et
1516 1980 1701 2049 subtempors
1712 1977 1809 2031 mortis
1827 1975 1881 2029 boc
1893 1975 2031 2038 feceritfl,

1159 2069 1199 2135 bi,
1217 2071 1265 2141 qui
1282 2071 1359 2140 prius
1376 2069 1537 2121 manumissi
1552 2067 1698 2127 suerintv,
1722 2062 1863 2135 usquead
1889 2078 2033 2116 nnmerum

1160 2159 1285 2226 superius
1304 2158 1486 2210 constitutum
1497 2157 1521 2191 ²⁸
1547 2153 1634 2205 liberi
1649 2157 1740 2215 erunt,
1757 2153 1887 2222 quivero
1902 2155 1967 2218 post
1980 2155 2033 2201 sta·

1162 2250 1252 2296 tutum
1272 2258 1417 2295 numerum
1435 2243 1597 2294 manumissi
1616 2237 1740 2300 inerint,
1767 2237 1839 2291 servi
1866 2236 1930 2288 sine
1947 2234 2032 2288 dubio

1162 2327 1375 2401 permanebunt,
1444 2331 1469 2395 ς,
1494 2330 1520 2395 4.
1556 2326 1625 2378 Nam
1655 2325 1713 2376 si²⁹
1740 2323 1919 2376 incolumis⁸⁰
1954 2339 2032 2394 quos·

1162 2432 1281 2485 cumque
1297 2413 1404 2465 diverso
1425 2419 1549 2482 tempore
1567 2410 1747 2472 manumisit,
1774 2409 1849 2461 inter
1868 2409 1960 2471 eos³¹,
1987 2409 2034 2478 qni

1161 2519 1212 2574 per
1228 2507 1420 2554 testamentum
1438 2501 1597 2552 manumissi
1612 2495 1858 2562 sunt,nullatcnus
1870 2501 2031 2565 computen-

1163 2589 1241 2643 tur³².

1326 2673 1389 2722 tir.
1410 2673 1458 2717 111.
1494 2673 1534 2716 1>ss
1561 2673 1632 2716 IURB
1655 2671 1865 2713 tensorum.

1230 2756 1349 2825 Aliquae
1371 2769 1509 2825 personae
1533 2752 1578 2805 sui
1603 2752 1677 2805 iuris
1694 2762 1778 2816 sunt,
1806 2749 1920 2820 aliquae
1938 2745 2093 2813 elisacii&

1162 2844 1222 2898 istri
1247 2842 1388 2895 subiectae
1425 2852 1499 2893 sunt.
1550 2841 1649 2909 ltaque
1677 2853 1738 2889 cum
1769 2835 1931 2888 ostenditur
1961 2838 2093 2908 quatita.

242 2672 392 2722 numitterc
410 2676 510 2738 potest
545 2667 614 2721 sed⁷
638 2667 692 2721 hoc
710 2675 843 2721 statutum
856 2677 908 2734 est,
926 2669 1002 2722 utde
1017 2683 1115 2738 quam·

242 2755 314 2809 libet
332 2756 429 2826 grandi
445 2755 553 2807 familia
570 2755 643 2806 nulli
662 2755 795 2824 amplius,
822 2771 906 2827 qttam
924 2767 1051 2819 centum,
1070 2761 1116 2807 te·

159 2855 164 2863 ·
244 2849 381 2895 stamcnto
399 2844 594 2896 manumittere
613 2841 707 2895 liceat·
784 2839 805 2911 ᾗ
835 2856 856 2895 t.
891 2841 960 2893 Nam
987 2843 1036 2912 qui
1067 2856 1118 2893 ro·

160 2930 182 2982 1.
193 2927 330 3000 ttinere
347 2930 419 2979 autB
442 2929 472 2978 in
502 2927 618 2978 ccclesia
647 2935 696 2977 aut
723 2934 787 2978 ante
811 2927 950 2979 consulem
971 2940 1022 2980 attt
1039 2927 1117 2982 inter
1160 2943 1295 2998 personae
1320 2926 1416 2978 alieno
1440 2926 1500 2978 iuri
1532 2925 1675 2979 subiectae
1698 2923 1767 2984 sint,
1794 2930 1863 2976 tunc
1891 2920 2033 2975 evidenter

200 3004 228 3053 ὓ
243 3016 349 3068 amicos
363 3020 412 3065 aut
428 3031 479 3082 per
496 3014 644 3082 epistolam
663 3013 866 3076 manumittere,
883 3021 976 3081 potest
992 3013 1036 3066 his
1057 3029 1117 3063 ma·
1161 3013 1318 3084 agnoscitur
1338 3027 1410 3083 quae
1427 3012 1472 3062 sui
1490 3013 1562 3063 iuris
1580 3013 1647 3062 sint.

245 3097 462 3154 numissiunibus
482 3115 591 3152 omnem
603 3099 749 3170 familiam
774 3099 837 3169 iugo
860 3101 1000 3152 servitutis
1020 3097 1115 3151 absol·
1230 3098 1253 3170 §a
1276 3116 1297 3151 ι.
1333 3099 1368 3150 1η
1390 3108 1527 3168 potestate
1544 3097 1639 3168 itaque
1658 3092 1834 3148 dominorum
1852 3105 1922 3146 sunt
1944 3087 2095 3153 servibit

164 3193 317 3258 1‚45,rere.
389 3186 413 3252 §.
431 3203 455 3238 a.
492 3184 561 3236 liam
589 3185 635 3238 si⁹
659 3187 760 3255 aliquis
776 3196 936 3238 testamento
949 3190 1041 3255 plures
1052 3201 1112 3237 ma·
1159 3201 1244 3256 quam
1253 3187 1441 3254 potestatcm¹
1465 3199 1557 3236 omues
1566 3193 1659 3250 gentes
1673 3180 1776 3234 habere
1791 3187 1898 3233 certum
1914 3186 1964 3232 est.
1986 3175 2096 3236 sedstst

156 3272 394 3346 seqanumittere
419 3269 556 3333 voluerit,
592 3286 674 3340 qoam
703 3275 803 3341 quot¹⁰
842 3273 968 3323 continet
985 3278 1115 3323 numerus
1159 3269 1362 3339 distringendi²
1387 3268 1420 3319 in
1436 3284 1533 3321 servos
1551 3265 1669 3320 dominis
1685 3283 1734 3335 pro
1754 3283 1804 3319 sua
1821 3277 1959 3338 potestate
1974 3280 2033 3335 per·

246 3373 329 3425 supra
356 3358 490 3424 scriptus,
515 3355 585 3408 ardu
604 3355 751 3408 servandus
770 3360 853 3418 estu,
877 3363 908 3408 ut
925 3356 983 3408 illis
1003 3363 1111 3408 tantum
1157 3357 1294 3420 mittitue3
1312 3354 1456 3410 occidendi
1475 3355 1587 3407 tamen²
1611 3367 1705 3406 servos
1730 3370 1795 3406 suos
1821 3351 1930 3404 domiui
1949 3352 2036 3402 licen·

245 3441 359 3494 libertas
379 3441 469 3494 valeat
486 3444 524 3505 ²²,
547 3442 595 3509 qui
613 3442 689 3511 prius
703 3442 864 3493 manumissi
878 3449 953 3504 sunt,
974 3440 1115 3510 usquead
1158 3443 1225 3494 tiam
1244 3459 1300 3495 non
1320 3440 1473 3502 habebunt,
1493 3440 1547 3490 nisi
1567 3438 1638 3493 forte
1658 3453 1768 3503 servus,
1788 3437 1852 3489 dum
1870 3454 1923 3507 pro
1941 3436 2035 3507 culpae

245 3528 325 3581 illum
352 3543 512 3590 numerum,
540 3543 623 3598 quem
650 3525 810 3596 explanatio
837 3527 962 3582 continet
985 3528 1111 3597 superius
1157 3526 1241 3580 modu
1258 3529 1393 3591 caeditur,
1411 3542 1475 3580 casu
1495 3525 1631 3581 turritan·
1658 3525 1804 3582 moriaturs
1831 3541 1896 3579 mm
1909 3526 2036 3578 siserssu

246 3863 293 3931 ²9)
311 3861 351 3912 lta
378 3861 547 3914 restituimus
577 3861 632 3915 lida
652 3861 730 3915 codd
749 3862 825 3918 bion.
845 3862 907 3916 sm.
929 3869 958 3915 et
978 3861 1074 3916 ottob.
1091 3865 1121 3930 (a
1168 3861 1288 3932 integre,
1309 3859 1384 3930 qnod
1404 3859 1455 3912 iid-
1474 3875 1536 3912 cum
1553 3857 1628 3912 Mon.
1646 3865 1675 3911 ot
1693 3857 1753 3915 Sar.
1770 3832 1832 3911 oms
1880 3858 1925 3928 ab)
1944 3855 2036 3910 Ottob·

247 3949 302 4053 quo
322 3941 413 3984 tamen
430 3934 481 4002 qui
561 3948 595 3985 ue
621 3932 711 4001 abest)
728 3949 850 3984 necnon
871 3931 913 3987 etl.
933 3932 1036 3985 Rouch.
1065 3932 1121 3986 Sed
1167 3928 1318 3992 decretum,
1340 3929 1516 4001 quodetiam
1536 3927 1883 3983 Sion-Cubiethuer·
1906 3931 1938 3980 ln
1955 3942 2039 3996 marg.

271 4000 323 4053 ich.
351 4010 380 4055 et
398 4002 498 4067 reliqui
519 4017 535 4051 c
557 4007 641 4053 itores
663 4019 742 4054 servo
773 4019 824 4056 suo
847 4003 1010 4056 libertatem.
1031 4001 1117 4058 Hans.
1167 4001 1283 4052 habent.
1356 4003 1398 4068 sti)
1425 3999 1457 4050 ln
1482 3997 1562 4052 codd.
1583 3997 1657 4050 Mon.
1682 4005 1713 4050 ct
1736 3996 1820 4051 Goth.
1848 4012 1968 4068 sequens
1989 4015 2041 4051 no·

247 4073 293 4141 3ο)
313 4070 360 4124 Bo.
382 4069 533 4140 onuforte.
604 4073 650 4142 3ι)
675 4072 836 4124 Scbroeder.
853 4071 939 4140 (obss.
959 4071 1012 4122 iur.
1030 4072 1075 4122 lV.
1095 4074 1119 4124 5.
1168 4071 1295 4122 minutias
1319 4067 1458 4137 absorpsit
1479 4068 1661 4135 negationem.
1737 4085 1746 4119 s
1768 4068 1780 4134 )
1803 4065 1888 4119 Gotb.
1915 4064 2037 4122 etsist.

247 4159 272 4209 p.
295 4141 368 4209 337.)
386 4152 479 4192 tamen
500 4141 646 4210 legendum
671 4157 749 4212 prop.
820 4144 867 4207 ta)
890 4142 936 4191 to.
954 4142 1022 4195 eius.
1073 4143 1119 4207 33)
1167 4151 1207 4201 et,
1225 4138 1274 4190 sed
1293 4137 1340 4190 hic
1356 4138 1386 4191 ln
1409 4139 1564 4208 mergxuei.
1638 4137 1680 4206 18)
1703 4085 1792 4191 codd
1817 4136 1915 4191 ottob.
1933 4145 1963 4191 et
1976 4135 2038 4189 Sat.

248 4210 341 4264 coil.
360 4211 414 4263 vei.
486 4211 532 4279 34)
557 4211 603 4262 es.
633 4228 685 4262 our.
714 4219 764 4264 atsr
788 4224 915 4265 certe...
931 4210 1119 4264 manumittat.
1164 4208 1244 4276 ficit.
1317 4209 1361 4276 19)
1377 4209 1450 4262 aton
1468 4206 1630 4278 priuaSot.
1645 4213 1675 4258 et
1691 4207 1799 4263 Cui011·
1815 4212 1890 4259 utel
1906 4205 1938 4260 in
1956 4220 2040 4273 uus·

247 4283 294 4346 36)
315 4280 362 4332 bo.
380 4287 409 4332 et
424 4277 530 4348 Lugdu.
549 4279 631 4332 binae
648 4281 772 4353 quilibet
844 4281 890 4345 36)
913 4278 997 4332 Goth.
1015 4296 1069 4331 om.
1088 4278 1121 4334 te
1169 4277 1376 4346 iiicbsprimus.
1449 4283 1495 4346 su)
1520 4279 1561 4330 Ex
1583 4275 1667 4331 Goth.
1692 4282 1722 4327 ct
1746 4275 1821 4328 sich.
1842 4274 1951 4328 excidit
1973 4292 2038 4329 non·

247 4360 299 4404 est.
355 4350 402 4418 37)
421 4349 466 4401 Bo.
484 4367 640 4422 aggressus.
692 4352 739 4422 38)
757 4353 804 4403 bo.
818 4361 916 4421 petest.
968 4349 1015 4419 39)
1033 4349 1118 4404 Gom.
1167 4349 1212 4416 at)
1231 4346 1314 4398 Gotb.
1331 4349 1418 4418 prius.
1443 4347 1518 4401 Mon.
1541 4347 1603 4399 Sat.
1629 4345 1724 4401 octab.
1745 4345 1852 4399 et'Cui.
1871 4347 1905 4397 ll.
1924 4346 2040 4415 primast,

249 4432 306 4471 om.
327 4427 431 4474 tmen.
1166 4422 1211 4485 aa)
1230 4416 1297 4468 eod.
1315 4434 1436 4470 menan·
1446 4415 1550 4486 fuerit.
1575 4415 1627 4468 lld.
1651 4423 1680 4468 et
1705 4415 1780 4468 Mon.
1802 4414 1864 4468 sav.
1893 4421 1925 4466 et
1942 4413 2039 4467 otiati

323 4485 347 4554 ι)
368 4486 400 4537 ld
417 4494 459 4538 est
474 4487 659 4556 quantalibet.
698 4487 726 4555 a)
746 4483 840 4539 Ottab.
854 4485 1041 4542 tantummodo
1056 4505 1120 4541 ssa·
1165 4486 1314 4557 sequimur.
1341 4488 1471 4541 Ceterum
1493 4488 1585 4539 asallm
1609 4488 1680 4561 qtsia
1699 4484 1817 4555 agnosci
1835 4488 1865 4536 et
1882 4498 1906 4537 a.
1925 4499 1990 4536 nam
2008 4491 2041 4537 1

249 4556 382 4612 mittit.
438 4558 465 4621 3)
482 4556 563 4608 (ioth.
583 4566 612 4609 et
633 4553 705 4610 siet.
725 4556 762 4618 ss',
784 4555 834 4607 sed
853 4557 899 4608 bic
918 4559 1040 4628 inmarg.
1055 4559 1119 4625 Qui.
1166 4572 1240 4608 nunc
1259 4561 1338 4617 sunt,
1365 4555 1450 4610 rerba
1466 4558 1494 4611 si
1508 4574 1573 4627 agn.
1593 4565 1644 4609 ete.
1665 4554 1746 4624 plane
1763 4555 1883 4606 otiosum
1908 4553 2040 4621 glossema

249 4625 278 4692 4)
295 4623 368 4677 sich.
383 4621 475 4678 decem
493 4636 521 4678 st
537 4627 672 4695 meisque,
689 4622 783 4681 decem
800 4637 828 4679 et
845 4644 904 4689 see,
922 4625 1014 4680 decess
1031 4640 1058 4682 et
1073 4644 1120 4682 se-
1166 4640 1226 4678 esse
1243 4625 1380 4680 ridentur.
1450 4627 1496 4693 ι3)
1521 4626 1597 4679 Mon.
1621 4626 1682 4683 su.
1700 4631 1729 4677 et
1746 4624 1793 4682 lio.
1810 4622 1884 4677 siclt.
1906 4623 2039 4677 asban

218 4734 221 4740 ’
247 4705 329 4816 isit
352 4692 529 4821 ,stitit
545 4703 576 4813 i
591 4693 853 4834 test-,tta
878 4695 1119 4835 {lidui‘iil‘
1166 4695 1213 4834 etl
1231 4691 1871 4838 ttt“.,⁸‚t=,}tt:³·m¹⁵l,⁰⁵.iit
1892 4728 1899 4741 ·
1920 4699 1979 4746 '⁰‘
2000 4706 2040 4773 '²'

755 4839 784 4902 7)
801 4833 889 4892 court
909 4834 993 4894 Goth.
1010 4836 1071 4887 Sat.
1089 4841 1119 4888 ct
1167 4839 1214 4904 η»)
1231 4835 1318 4893 Goth.
1345 4844 1374 4887 et
1392 4835 1466 4893 stet.
1492 4834 1551 4886 Gui
1572 4835 1592 4884 1.
1610 4841 1640 4885 et
1658 4835 1690 4885 tl.
1711 4849 1771 4884 cun
1790 4832 1894 4885 Gener.
1908 4831 2041 4900 suerunt.

253 4903 319 4957 Gaii
335 4902 437 4955 Vcrou.
457 4901 511 4953 lide
528 4905 650 4970 espunai
668 4902 794 4973 copulans
814 4918 851 4962 et.
912 4910 942 4974 t)
959 4905 1044 4958 Goth.
1061 4920 1115 4958 om.
1167 4907 1212 4975 ali)
1231 4907 1292 4958 Sar.
1311 4915 1340 4958 et
1353 4907 1382 4956 iu
1400 4922 1482 4973 marg.
1510 4903 1584 4956 Sicb.
1602 4901 1834 4973 computorum.
1935 4899 2039 4969 lilot

250 4985 311 5057 sest
368 4973 398 5042 ⁹)
416 4969 499 5026 Gotb·
521 4972 593 5029 Sive.
676 4975 720 5041 ιο)
745 4974 791 5024 no.
821 4980 850 5025 et
870 4974 920 5027 ild.
940 4982 1048 5026 secutus
1069 4990 1116 5026 re·
1164 4990 1217 5027 out.
1238 4978 1271 5027 si.
1341 4978 1388 5043 3ο)
1409 4973 1482 5028 Siob.
1502 4975 1572 5028 Nata
1589 4973 1616 5026 si
1637 4972 1815 5028 incolentis·
1887 4917 2042 5036 siit-ota,

250 5058 313 5125 ceps
341 5053 428 5125 quot,
459 5056 518 5162 qiu.
538 5056 594 5110 quo
611 5041 687 5095 iton.
704 5052 733 5095 et
749 5042 810 5100 Sar.
837 5042 914 5115 qaod
937 5044 1052 5107 habent,
1066 5060 1118 5096 ea·
1164 5045 1198 5098 iss
1214 5061 1271 5099 sos.
1289 5043 1354 5104 Sob.
1369 5060 1423 5097 um.
1441 5046 1518 5098 inter
1534 5060 1589 5096 ssa.
1661 5044 1709 5112 3ι)
1731 5040 1828 5100 ottob.
1844 5051 2004 5094 essemus.

251 5129 295 5166 rus
320 5121 437 5181 remgsa
472 5126 489 5161 u
515 5108 597 5162 Gutb.
622 5127 735 5182 quoque
753 5123 893 5179 apparent.
969 5118 1011 5183 ιι)
1027 5113 1116 5174 (iotis.
1238 5118 1263 5184 ι)
1289 5114 1372 5168 Goth.
1398 5130 1451 5167 usa.
1467 5125 1638 5185 petatem..
1691 5115 1718 5177 s)
1739 5111 1816 5165 bion.
1837 5104 2042 5180 umam.

250 5194 383 5236 artetur.
458 5181 500 5246 aa)
522 5179 588 5231 eoo.
607 5179 702 5234 Ottob.
719 5192 751 5234 ast
768 5182 828 5236 iliis
844 5184 916 5252 (lege
934 5183 991 5256 itte)
1008 5195 1118 5237 tentam
1165 5178 1248 5238 Goth·
1275 5181 1511 5256 minuandum.
1537 5181 1611 5236 siet.
1630 5181 1682 5237 ssd
1694 5183 1722 5235 si
1738 5177 1942 5251 &wimadi
2012 5181 2041 5243 3)

252 5250 392 5305 liberem
410 5249 474 5319 (leg.
495 5248 664 5317 manaem)
682 5251 810 5304 babeant.
836 5253 919 5312 iiarr.
1001 5255 1044 5326 ι3)
1065 5255 1118 5308 ild.
1166 5253 1234 5306 Edd.
1249 5263 1360 5324 praeter
1378 5257 1424 5308 so.
1442 5261 1473 5308 et
1489 5253 1589 5306 bosam
1608 5263 1730 5316 munt
1748 5250 1798 5302 sed
1813 5249 1844 5300 ia
1863 5264 1949 5318 marg.
1966 5244 2041 5300 stria

253 5334 289 5372 ca
305 5320 379 5373 tion
400 5322 492 5404 stila
510 5322 699 5443 recepitque.
718 5321 773 5374 Sed
791 5330 821 5374 et
843 5323 867 5376 si
890 5322 1028 5394 vulgatam
1052 5324 1120 5377 reti·
1165 5332 1266 5376 rma.
1340 5327 1369 5393 3)
1389 5325 1512 5378 Alternus
1541 5325 1669 5385 crsitan,
1693 5320 1770 5393 quod
1789 5318 1872 5439 vraiqo
1897 5315 1946 5370 bie
1965 5314 2040 5367 adii-

253 5403 366 5442 mamus
389 5397 568 5460 scripturam,
597 5407 625 5444 nt
647 5392 669 5442 rt
692 5390 702 5442 i
1544 5403 1572 5458 t,
1590 5391 1841 5445 etabcatetittsa
1874 5384 1919 5439 cd.
1936 5383 2041 5443 hueb-

254 5457 442 5525 intellegamus
468 5469 499 5514 ut
518 5458 649 5514 cliforde
671 5459 858 5512 immutandus
875 5464 951 5516 altus
978 5471 1040 5516 ests
1067 5465 1120 5536 qui
1166 5476 1219 5516 nes
1236 5475 1293 5516 nen
1311 5481 1329 5518 a
1346 5465 1514 5527 Samariae
1541 5460 1618 5514 unde
1641 5476 1704 5516 enm
1723 5459 1835 5513 iteam
1852 5455 1881 5508 id
1900 5456 2041 5526 “wexi-

254 5544 435 5600 varssumo
458 5542 856 5603 cenaturum-an
914 5528 1116 5603 stractus
1166 5526 2006 5601 membrositaomaiusdttsunmiiass·

251 4834 379 4895 restitui,
404 4839 513 4885 secatus
530 4831 591 4885 Gai.
609 4834 629 4884 1.
639 4836 683 4901 tt.

704 5389 822 5458 mpedlt,
840 5408 896 5463 qno
916 5396 1007 5447 miuus
1027 5393 1119 5446 locun
1167 5393 1251 5458 citas,
1268 5394 1416 5447 maniiute
1432 5393 1466 5445 ab
