4560 6562
368 1085 731 1176 nannenus
794 1064 1100 1179 uoculae
1162 1094 1456 1185 Lucrum
1519 1100 1559 1184 5.

96 1406 328 1511 Prasmonituro
356 1456 389 1509 do
408 1458 563 1527 fragmentis
582 1457 616 1510 de
634 1459 694 1510 iure
711 1459 767 1511 fisci
788 1461 876 1513 otium
896 1461 962 1513 milri
979 1462 1045 1514 lecit
1064 1463 1112 1532 qui
1133 1471 1196 1532 post
1212 1463 1435 1533 incomparabilis
1458 1466 1509 1517 viri
1535 1465 1602 1531 (heu
1627 1467 1707 1520 nobis
1726 1485 1820 1522 reeens
1839 1472 1898 1523 eins

96 1541 180 1594 sunus
198 1539 373 1593 vehementer
395 1542 598 1610 lugentibusl),
616 1560 698 1612 quem
723 1560 777 1595 una
797 1563 858 1597 etun
879 1548 1005 1615 genuinis
1025 1547 1087 1598 Gaii
1107 1549 1309 1600 commentariis
1328 1551 1356 1599 in
1381 1549 1549 1602 bibliotheca
1575 1554 1723 1621 capitulari
1747 1554 1898 1607 Veronensi

50 1656 56 1665 ·
96 1635 246 1704 fragmenta
269 1643 362 1686 nostra
392 1637 545 1704 repperisse
575 1639 628 1688 iam
655 1640 788 1689 neminem
815 1639 952 1691 eiusmodi
978 1655 1069 1691 rerum
1094 1643 1233 1692 curiosum
1260 1641 1344 1710 fugit,
1371 1643 1533 1707 Nicbulrrii‚
1561 1662 1595 1696 cx
1621 1645 1775 1698 Veronensi
1802 1647 1897 1700 codiee

95 1729 306 1796 transscriptum
330 1726 488 1780 corumdem
513 1730 667 1798 exemplum
694 1734 704 1763 ¹
731 1731 835 1799 primus
859 1731 990 1800 idemque
1016 1731 1175 1800 diligentius
1194 1751 1226 1785 ea
1244 1733 1347 1796 edidit,
1374 1738 1410 1786 lo.
1434 1737 1477 1787 Fr.
1499 1737 1567 1787 Lud.
1589 1737 1770 1791 Gbsclrenius.
1791 1750 1855 1791 nem
1876 1742 1897 1790 is

96 1837 175 1889 pagg.
196 1821 299 1871 LXI...
316 1820 410 1872 LXIll.
430 1821 465 1872 ad
485 1822 584 1873 Gaium
600 1840 615 1872 a
633 1839 661 1874 se
682 1823 788 1875 celitum
809 1824 987 1892 praelationis
1006 1826 1044 1875 ita
1064 1824 1099 1875 de
1117 1824 1226 1877 duobus
1252 1827 1324 1877 loliis
1343 1830 1368 1889 ²,
1392 1845 1464 1895 quae
1488 1830 1638 1896 fragmenta
1663 1839 1756 1882 nostra
1782 1832 1817 1884 de
1836 1835 1897 1884 iure

95 1913 155 1966 fisci
180 1912 325 1975 exhibent,
345 1916 487 1966 tractavit:
511 1918 596 1978 „Dua
616 1917 665 1967 illa
680 1917 779 1983 solra,
806 1917 905 1984 qulbus
922 1919 995 1967 inest
1015 1917 1297 1985 bocfingmentum,
1315 1920 1409 1971 lacera
1427 1934 1494 1972 sunt
1512 1935 1597 1990 atque
1622 1936 1778 1992 corrugata
1798 1924 1897 1975 admo-

95 2005 198 2072 „duma
206 2009 310 2076 forum
329 2021 371 2059 est
389 2006 530 2078 quadrata
549 2012 652 2059 maior:
680 2011 807 2078 paginae
832 2012 862 2060 in
881 2008 962 2060 ln'nas
984 2008 1154 2061 dt'eidantur
1175 2013 1320 2065 eoltamnas
1339 2017 1446 2065 vicenis
1464 2018 1612 2083 quaternis
1636 2017 1764 2068 versibus
1781 2034 1896 2087 compo·

95 2104 200 2162 „sitast
224 2103 336 2171 singuli
354 2119 454 2154 versus
478 2115 575 2153 ternas
599 2100 688 2152 denas
713 2102 752 2152 ad
769 2105 885 2153 vicenas
903 2103 1014 2152 litteras
1032 2104 1266 2170 complectuntur,
1285 2109 1326 2156 ita
1345 2118 1448 2167 tamen,
1467 2120 1498 2158 ut
1515 2109 1680 2177 plerumque
1698 2121 1830 2162 constent
1848 2112 1896 2163 lit-

94 2196 183 2258 „teris
207 2197 331 2264 septenis
352 2194 447 2246 denis:
471 2194 628 2246 litterarum
645 2197 749 2262 forma
776 2197 897 2247 urscialis
921 2207 971 2246 est.
1012 2196 1129 2246 Duobus
1154 2198 1222 2248 lacis
1247 2214 1359 2249 versum
1386 2201 1477 2250 omisit
1501 2200 1648 2261 librarius,
1673 2214 1720 2262 ut,
1739 2220 1824 2270 opere
1842 2205 1896 2255 ali-

94 2286 229 2355 „quanda
249 2299 344 2338 cetera
362 2287 506 2348 absoluto,
533 2287 651 2340 rubri'eis
675 2288 860 2358 diligentiore
884 2307 969 2363 manu
992 2289 1147 2340 exarandis
1173 2292 1300 2359 impleret
1325 2293 1345 2344 ³.
1385 2295 1539 2344 Praeterea
1558 2293 1657 2344 bor-sem
1668 2296 1814 2361 foliorum
1834 2312 1894 2348 eum

93 2379 211 2441 „codr'ce
236 2382 317 2438 Xttl.
337 2383 473 2446 [Gaiano]
501 2382 571 2433 baec
596 2394 639 2432 est
656 2384 868 2443 caravenientia,
886 2363 965 2450 puori
980 2380 1094 2451 pucilam
1112 2400 1212 2434 versus
1228 2401 1300 2451 prae
1318 2388 1418 2434 ceteris
1434 2389 1614 2453 prominent,
1634 2389 1710 2438 etin
1729 2389 1893 2456 quibusdam

92 2473 178 2533 „aliis
196 2489 288 2524 vacua
307 2471 561 2541 deprehenduntur
578 2476 717 2544 spatiola,
735 2475 835 2545 quibas
852 2474 1049 2526 antecedentis
1066 2476 1184 2525 articuli
1197 2478 1291 2527 earitus
1310 2496 1327 2526 a
1345 2480 1487 2544 sequentis
1504 2480 1645 2546 principio
1664 2493 1829 2548 separatur.-
1846 2499 1893 2533 ac·

92 2564 198 2628 ‚,cedit,
215 2565 337 2637 quadiu
352 2567 395 2618 lu's
409 2584 522 2637 quoque
537 2569 702 2619 membranis
723 2570 802 2618 nulla
823 2571 967 2637 reperitur
980 2585 1072 2635 neque
1085 2570 1291 2636 interpunctio,
1309 2585 1401 2637 neque
1418 2567 1569 2620 verborum
1588 2569 1745 2630 distinctio,
1761 2574 1893 2642 quodque

90 2660 285 2731 ,fieeptenter
310 2661 388 2728 siglis
414 2659 544 2710 b'brarius
571 2677 637 2710 usus
660 2672 709 2711 est.
745 2660 822 2711 libari
838 2671 931 2710 autem
948 2657 1090 2710 diversum
1109 2672 1165 2719 est,
1183 2658 1262 2726 qued
1279 2660 1363 2732 liujus
1374 2662 1546 2729 fragmenti
1560 2664 1675 2714 litterae
1697 2665 1767 2724 r'llt's,
1793 2665 1892 2733 quibus

91 2753 181 2824 „Gaji
191 2754 391 2803 Institutiones
404 2754 526 2821 scriptae
537 2765 614 2813 sunt,
629 2752 777 2821 aliquanto
793 2749 965 2820 grandiores
976 2763 1054 2802 sunt.-
1065 2753 1135 2820 qain
1146 2752 1285 2820 quaedam
1300 2755 1331 2804 in
1345 2756 1406 2822 ipsa
1419 2755 1579 2805 litterarum
1587 2753 1693 2827 Jigura
1712 2757 1891 2810 animaduer-

92 2847 185 2905 „titur
202 2845 343 2905 varietas,
361 2860 435 2913 quae
452 2846 572 2895 maxime
595 2856 715 2914 apparet
740 2848 770 2895 in
789 2846 891 2896 litteris
915 2846 941 2898 A
961 2856 990 2895 et
1012 2845 1050 2907 tu
1074 2863 1131 2913 quo
1154 2848 1238 2896 etiam
1263 2845 1336 2897 illud
1357 2847 1541 2913 referendum
1559 2860 1611 2908 est,
1628 2848 1708 2917 quod
1723 2850 1837 2903 litterae
1856 2854 1889 2913 F,

90 2938 188 3000 „1³,lt
206 2940 370 3005 plerumque
388 2950 467 2988 tatae
486 2955 571 3005 supra
589 2940 692 2989 lineam
709 2941 819 3005 positae
836 2952 920 2998 suut,
943 2955 1003 2989 cum
1028 2942 1057 2990 in
1079 2940 1146 3009 Gaji
1161 2938 1258 2990 codice
1277 2941 1357 3006 infra
1376 2942 1479 2991 lineam
1496 2939 1660 2993 decurrant.
1696 2945 1794 3014 Neque
1815 2943 1894 3015 qtsod

26 3076 31 3085 ‚
90 3030 193 3091 „diei,
217 3031 248 3080 in
273 3031 340 3100 Gaji
365 3030 461 3080 codice
482 3033 653 3098 paginarum
678 3034 802 3083 initiales
827 3035 937 3083 litteras
955 3033 1069 3101 reliquis
1094 3035 1213 3083 maiores
1237 3049 1309 3093 esse,
1333 3031 1405 3083 idem
1429 3033 1465 3084 de
1483 3035 1536 3085 lrac
1545 3035 1720 3104 fragmento
1740 3036 1889 3090 dicendum

91 3136 171 3185 „ests
190 3125 220 3175 in
236 3126 397 3192 posteriore
415 3125 488 3174 enim
497 3124 580 3189 folio
599 3125 722 3175 initiales
739 3127 846 3192 primae
864 3138 1040 3193 prtartaeque
1059 3127 1206 3175 columnae
1224 3129 1354 3187 litterae,
1379 3129 1507 3195 quentvis
1526 3129 1557 3177 in
1575 3127 1658 3180 uerbi
1672 3130 1791 3180 alicuius
1807 3134 1890 3199 prin-

91 3218 185 3286 „cipio
203 3218 313 3284 positae
336 3218 408 3276 sint,
429 3216 553 3287 ejusdem
572 3230 657 3285 atque
676 3219 802 3287 reliquae
820 3220 933 3268 litterae
946 3216 1150 3285 magnitudinis
1163 3219 1242 3268 trabis
1260 3221 1338 3270 visae
1348 3231 1429 3282 111111,Ι
1448 3232 1605 3271 ceterarum
1622 3223 1814 3274 columnarum
1833 3225 1889 3275 ini·

89 3311 149 3372 „tia
167 3307 315 3376 deperdita
333 3321 407 3359 sunt.
444 3309 479 3360 At
496 3312 684 3377 prominentis
703 3311 837 3381 cssjttsque
855 3329 954 3362 uersus
970 3313 1062 3380 prima
1087 3312 1182 3363 littera
1201 3314 1287 3379 passio
1306 3312 1448 3379 grandior
1465 3331 1524 3363 esse
1541 3316 1621 3365 solet.
1651 3317 1779 3366 Ceterum
1798 3318 1828 3367 in
1848 3318 1890 3368 bis

89 3401 295 3464 „membrarum
314 3405 438 3470 quamuis
458 3420 517 3452 uon
528 3408 684 3474 rescriptis,
702 3415 847 3455 vetustate
871 3418 964 3456 tamen
989 3408 1029 3455 ita
1048 3404 1196 3455 evanidam
1215 3405 1323 3466 luctam
1343 3408 1515 3474 repperimus
1539 3409 1723 3476 scripturam,
1746 3422 1778 3460 ut
1802 3413 1831 3461 in
1855 3413 1889 3461 iis

89 3512 222 3564 „quoque
244 3497 339 3562 gallae
363 3496 490 3562 tasbsum
518 3494 704 3549 adlaibcnduna
722 3498 829 3564 suerit.
871 3496 954 3564 Quod
970 3511 1063 3549 autem
1082 3516 1177 3548 earum
1197 3510 1359 3550 contextum
1378 3501 1523 3567 singulari
1546 3519 1660 3551 numero
1685 3503 1887 3571 fragmentum

87 3586 186 3650 „diai,
204 3586 236 3639 id
251 3590 276 3636 si
292 3589 354 3656 quis
373 3586 579 3655 reprehendat,
598 3593 696 3643 lubens
715 3591 855 3650 corseeda,
873 3589 930 3640 duo
948 3593 1066 3660 proprie
1084 3609 1142 3641 esse
1152 3591 1338 3658 fragmenta:
1359 3610 1423 3642 nam
1441 3610 1514 3662 quae
1532 3596 1562 3644 in
1580 3606 1706 3645 extremo
1724 3599 1822 3663 priore
1833 3597 1887 3663 so-

88 3682 148 3742 „lio
168 3682 320 3749 leguntur,
345 3698 404 3730 cum
429 3685 595 3749 posterioris
610 3686 688 3751 folii
701 3686 843 3753 principia
862 3686 973 3734 minime
992 3682 1148 3733 cohaerent
1173 3684 1199 3746 l,·
1224 3687 1265 3734 ita
1291 3698 1321 3734 ut
1338 3685 1420 3751 solia
1438 3684 1576 3755 quaedam
1594 3687 1763 3739 intermedia
1782 3687 1885 3757 deper-

87 3773 170 3837 „dita
188 3793 247 3826 esse
274 3774 421 3826 evidenter
443 3790 588 3845 appareat.
624 3781 668 3830 De
689 3790 806 3827 auctare
831 3776 905 3827 niln'l
923 3775 1030 3835 liabeo,
1053 3776 1131 3845 quod
1147 3794 1311 3827 asseverare
1335 3781 1452 3845 possim,
1476 3793 1675 3851 praeterquam
1698 3781 1778 3849 qtsod
1793 3798 1854 3832 eum
1873 3801 1889 3833 e

87 3871 286 3931 „classicorum
305 3872 572 3920 Iurisconsultorum
591 3889 707 3922 numero
719 3872 816 3937 fuisse
835 3873 893 3938 ipsa
906 3871 1143 3939 fragmentorum
1162 3873 1280 3921 rnateria
1299 3869 1397 3930 docet,
1415 3873 1519 3941 quippe
1536 3891 1609 3942 quae
1627 3889 1759 3940 magnam
1776 3887 1885 3942 partem

87 3964 145 4023 „sit
163 3981 179 4013 e
191 3963 259 4034 jure
278 3964 395 4032 antiquo
417 3964 433 4013 ⁵.
469 3964 516 4013 Ea
533 3981 589 4031 qua
608 3966 726 4016 materia
745 3962 818 4015 illud
832 3980 944 4032 quaque
970 3963 1080 4031 colligit
1109 3963 1296 4024 Niebularius,
1324 3964 1497 4015 nienrbrauas
1522 3977 1634 4016 nostras
1657 3977 1726 4016 ante
1750 3964 1881 4017 occiden-

82 4146 88 4155 .
140 4105 162 4175 ¹)
181 4107 223 4157 Dc
249 4106 393 4158 liicbulrrii
420 4109 545 4176 exemplo
571 4107 672 4161 Giiselr.
697 4108 782 4177 prael.
809 4106 844 4157 ad
869 4107 930 4163 Gai,
956 4123 984 4175 p.
1011 4106 1065 4156 XV.
1084 4105 1139 4175 (ed.
1164 4108 1185 4161 l.
1208 4124 1234 4174 p.
1253 4107 1338 4176 xlll.)
1357 4106 1506 4167 „Tandmn
1526 4109 1584 4157 eius
1603 4109 1883 4188 qrsoquesragmen·

89 4177 149 4238 „ti,
167 4173 245 4254 puori
261 4174 301 4226 ad
317 4188 469 4226 tractatum
492 4175 528 4226 de
545 4179 607 4227 iure
622 4177 694 4247 fisci
715 4179 856 4244 pertinet,
880 4174 1090 4226 transcribendi
1103 4176 1182 4240 secie
1207 4177 1376 4240 periculum:
1394 4189 1422 4225 et
1441 4178 1504 4226 lieet
1524 4179 1656 4243 temporis
1675 4180 1815 4242 angustiis
1833 4179 1883 4227 im-

86 4242 269 4312 partiretur,
283 4247 431 4312 quominus
448 4245 546 4295 bartam
561 4246 795 4304 arenrbranarum,
807 4262 925 4313 quarum
942 4246 1061 4312 pessima
1075 4256 1116 4292 est
1132 4240 1272 4301 caradict'a,
1286 4256 1448 4293 accieratum
1464 4244 1617 4310 exemplum
1634 4243 1807 4305 absolueret,
1825 4263 1883 4294 ma-

85 4313 162 4378 „gni
177 4324 272 4361 tamen
290 4305 493 4363 aestimandum
512 4325 574 4362 erat
593 4316 641 4363 vel
655 4318 745 4364 minus
762 4313 918 4363 absolutum
936 4329 1031 4361 earum
1050 4310 1262 4379 apographum,
1286 4314 1364 4361 amni
1376 4314 1449 4361 enim
1471 4322 1557 4360 antea
1569 4309 1788 4362 destituebumur
1806 4324 1884 4362 certa

84 4392 192 4448 „atque
210 4379 329 4460 definita
349 4380 431 4430 lucius
444 4382 615 4448 fragmenti
634 4383 746 4435 notitia.
785 4384 862 4446 Quae
887 4382 980 4432 amnia
1005 4378 1102 4438 biduo,
1127 4396 1217 4447 eoque
1240 4396 1275 4427 ne
1299 4381 1413 4445 integro
1437 4377 1565 4446 paridem,
1584 4377 1884 4497 Niebulrrs'umgetfe·

84 4464 189 4510 „ctsse,
214 4466 255 4507 es,
280 4450 331 4516 qui
354 4448 553 4515 difficultatum
577 4451 607 4499 in
631 4448 771 4498 eiusmodi·
786 4449 866 4499 rebus
885 4446 1108 4516 superandarum
1126 4463 1236 4514 guarus
1254 4459 1311 4505 est,
1335 4445 1499 4496 incredibile
1523 4444 1618 4495 uideri
1640 4447 1738 4514 possit.
1797 4464 1884 4514 perae

85 4517 234 4584 ,finctum
260 4515 430 4567 Niebularius
452 4534 511 4567 cum
538 4519 727 4569 Illustrissimo
751 4519 866 4566 Saeinio
892 4515 1114 4570 coaimtnu'caeit.
1158 4517 1224 4579 (lui,
1242 4527 1273 4563 ut
1292 4517 1364 4583 typis
1383 4514 1604 4573 rraarrrlarentnr,
1622 4532 1695 4583 qums
1715 4514 1884 4566 lViebubrius

84 4585 342 4652 ,strarrscripserat,
362 4585 457 4636 sedula
475 4589 611 4636 curarit.“
650 4588 757 4636 Praeter
782 4584 833 4634 huc
857 4584 1003 4634 Nielrnlnii
1029 4580 1216 4651 apographum
1240 4584 1281 4652 (iu
1307 4582 1476 4647 Zer'tselrrtfi
1494 4585 1554 4648 Jiir
1576 4581 1742 4647 geretur-lut.
1769 4583 1884 4633 11111111-

84 4652 243 4706 snr'ssenselr.
270 4661 335 4707 torn.
360 4655 409 4708 lll.
437 4671 460 4721 p.
487 4657 545 4710 150,
565 4691 572 4706 .
591 4692 597 4706 .
618 4652 689 4723 158.)
713 4662 741 4703 ct
763 4671 778 4702 a
805 4652 959 4703 (iiischenio
993 4659 1056 4719 post
1087 4652 1232 4718 utriusque
1266 4651 1434 4700 Gaianorum
1466 4652 1722 4700 commentariorum
1752 4651 1882 4702 editionis

90 4720 215 4838 “stapla
234 4722 334 4783 (llt'wl-
354 4724 428 4776 1820.
449 4739 473 4790 p.
493 4721 552 4776 321.
571 4764 579 4779 .
598 4763 606 4779 .
624 4722 685 4777 3411.
705 4721 775 4773 Edit.
796 4719 871 4774 1824.
896 4738 922 4789 p.
941 4718 1000 4774 403.
1020 4760 1027 4774 .
1047 4719 1145 4784 illd.)
1173 4728 1267 4769 cirrata
1293 4718 1442 4787 fragmenta
1461 4727 1555 4768 nostra
1574 4735 1668 4780 nemo,
1688 4718 1766 4789 quod
1784 4722 1882 4782 sciam,

86 4804 118 4841 ea
140 4806 183 4839 cm
201 4790 287 4857 repeti
307 4791 421 4840 curarit.

135 4874 160 4937 ²)
180 4872 221 4923 Dc
239 4873 341 4941 quibus
361 4873 471 4925 daubus
492 4873 563 4925 loliis
582 4874 652 4926 idem
672 4873 771 4926 Giisch.
790 4872 808 4924 l.
827 4889 850 4924 c.
868 4890 929 4941 pag.
941 4873 972 4924 X.
997 4869 1052 4939 (ed.
1077 4873 1097 4922 1.
1117 4890 1143 4940 p.
1168 4871 1255 4940 VIII.)
1280 4871 1442 4940 „parrula“
1467 4872 1560 4988 inspuit
1584 4873 1703 4931 „insunt
1727 4874 1880 4932 volumini,

83 4942 186 5003 „varii
201 4945 366 5009 argumenti
373 4944 547 5010 fragmenta
567 4946 723 5010 conspicuo,
741 4945 788 4993 cui
799 4943 896 4992 titulus
911 4943 1063 5008 inscriptus
1082 4942 1188 5005 legitur
1207 4940 1268 4990 ln'c:
1292 4940 1412 4999 „Vetera
1438 4938 1503 4989 Para
1517 4941 1643 5007 ipomcna
1663 4941 1728 4996 Mas.
1746 4939 1879 4991 Codicum

84 5008 230 5077 „capituti
250 5009 427 5071 Veronensis,
447 5028 460 5060 a
480 5010 543 5063 lulr.
561 5011 665 5062 Jacobo
685 5011 718 5062 dc
737 5011 868 5061 Dionisiis
888 5009 1041 5059 Veronensi
1060 5011 1192 5058 canonico
1212 5010 1238 5058 in
1259 5025 1344 5057 unum
1364 5008 1488 5057 collecta.
1510 5008 1605 5061 1758ss

137 5092 159 5164 ²)
178 5093 270 5144 Verba
288 5107 320 5145 ut
339 5113 429 5163 opere.
441 5131 469 5150 ..
488 5097 615 5164 impleret
634 5113 667 5148 ex
685 5096 806 5148 ciusdem
827 5094 1003 5163 praelationis
1023 5110 1050 5160 p.
1070 5092 1165 5147 xxvt.
1185 5091 1237 5156 (ed.
1257 5094 1277 5142 l.
1296 5109 1324 5159 p.
1343 5090 1435 5159 XXV.)
1455 5093 1645 5159 transsumpsi.

133 5179 158 5251 ⁴)
176 5179 208 5232 ld
227 5179 303 5248 quod
322 5181 457 5231 asteriscis
476 5182 548 5232 inter
567 5183 590 5248 5.
608 5183 632 5234 9.
652 5182 783 5248 et5.10.
803 5178 973 5245 Interpositis
991 5177 1113 5228 indicare
1132 5178 1216 5227 volui.
1235 5177 1281 5243 lig.

137 5264 158 5335 ⁸)
178 5263 350 5317 Glisclrenius
370 5263 404 5314 ad
424 5264 450 5320 lr.
470 5266 487 5316 l.
506 5267 570 5328 „lVe
589 5264 810 5334 triumuiralem,
834 5265 882 5323 ait,
900 5266 1047 5331 quicquum
1067 5259 1199 5327 affirmas
1215 5259 1367 5328 probabilis
1386 5272 1479 5310 tamen
1506 5259 1622 5310 videtur
1648 5276 1744 5309 eorum
1767 5272 1881 5310 senten-

84 5334 162 5395 „tia,
205 5335 237 5383 ui
264 5333 335 5383 baec
352 5333 528 5400 fragmina
555 5335 643 5385 Paulo
674 5330 823 5384 tribuenda
850 5349 908 5380 esse
933 5334 1096 5400 opinantur.
1144 5334 1230 5393 Quam
1256 5330 1424 5378 sententiam
1450 5329 1556 5396 primus
1577 5328 1703 5443 preteriit
1730 5328 1779 5377 cel.
1799 5330 1881 5378 Gott-

83 5402 171 5461 ,ncta
201 5403 260 5462 ius,
287 5402 337 5470 qui
359 5419 419 5450 eam
443 5418 503 5453 cum
527 5404 646 5452 Savinio
670 5402 892 5451 comuntnicnrt‘t.
936 5399 1056 5449 l’vstlrac
1079 5399 1137 5465 ipse
1162 5415 1177 5446 a
1201 5395 1360 5446 doctissimo
1384 5396 1525 5463 Caplielrio
1550 5398 1710 5444 atnranitus
1733 5413 1808 5454 sum,
1832 5413 1882 5456 ea,

84 5471 424 5537 „quaeJragmentorum
441 5470 463 5535 5.
490 5472 531 5524 19.
556 5472 775 5527 contineantur,
799 5467 893 5519 iisdem
904 5467 976 5534 [ονε
1000 5465 1092 5517 verbis
1112 5467 1235 5534 exprimi
1252 5466 1313 5514 luco
1328 5463 1449 5531 praedam
1469 5466 1651 5529 Digestorum
1667 5480 1681 5512 e
1698 5464 1781 5512 Pauli
1797 5465 1880 5514 libra

84 5538 144 5597 „V.
167 5538 378 5588 Sententiarum
402 5533 562 5605 desumpta,
585 5537 716 5589 patelieri
740 5539 768 5587 L.
792 5536 836 5589 45.
862 5537 886 5602 5.
906 5538 932 5589 3.
956 5533 991 5584 de
1009 5533 1178 5605 iurefisci.“
1214 5530 1268 5582 Sed
1285 5540 1358 5582 recte
1375 5530 1504 5582 admonet
1520 5549 1542 5580 v.
1560 5530 1593 5582 cl.
1609 5532 1720 5581 Pernice
1734 5531 1774 5598 (in
1793 5531 1881 5583 linea-

83 5605 183 5657 neatis
199 5605 314 5666 instita,
330 5620 401 5672 quae
427 5605 501 5654 llalis
526 5605 600 5658 tera
620 5608 718 5656 iterum
734 5604 837 5665 edidit,
856 5622 883 5672 p.
901 5601 955 5671 31).)
972 5601 1095 5652 nondum
1116 5600 1289 5668 exploratum
1307 5615 1364 5650 esse
1384 5607 1476 5649 utrum
1504 5599 1652 5668 fragmenta
1678 5606 1780 5659 nostra,
1799 5601 1841 5650 rel
1857 5602 1880 5651 si

82 5672 214 5724 Paullum
232 5679 373 5724 auctorem
396 5669 531 5734 babeant,
552 5676 587 5726 ad
605 5674 727 5726 eiusdem
752 5680 873 5740 receptas
892 5672 1041 5722 sententias
1059 5667 1103 5737 (cl.
1122 5667 1143 5735 5.
1161 5670 1203 5724 19.
1226 5668 1346 5737 lragmna.
1369 5666 1552 5736 nostrorum),
1578 5683 1612 5716 an
1634 5665 1669 5717 ad
1688 5666 1789 5729 libros,
1809 5684 1879 5737 quos

1427 5759 1455 5824 L
