<?xml version="1.0" encoding="UTF-8"?>
<!DOCTYPE html PUBLIC "-//W3C//DTD XHTML 1.0 Transitional//EN"
    "http://www.w3.org/TR/xhtml1/DTD/xhtml1-transitional.dtd">
<html xmlns="http://www.w3.org/1999/xhtml" xml:lang="en" lang="en">
 <head>
  <title>
</title>
<meta http-equiv="Content-Type" content="text/html;charset=utf-8" />
  <meta name='ocr-system' content='tesseract 3.04.00' />
  <meta name='ocr-capabilities' content='ocr_page ocr_carea ocr_par ocr_line ocrx_word'/>
</head>
<body>
  <div class='ocr_page' id='page_1' title='image "./corpusiurisroma00bethgoog/corpusiurisroma00bethgoog_0107.png"; bbox 0 0 4560 6562; ppageno 0'>
   <div class='ocr_carea' id='block_1_1' title="bbox 97 358 1893 455">
    <p class='ocr_par' dir='ltr' id='par_1_1' title="bbox 97 358 1893 455">
     <span class='ocr_line' id='line_1_1' title="bbox 97 358 1893 455; baseline -0.008 -4"><span class='ocrx_word' id='word_1_1' title='bbox 97 381 168 451; x_wconf 63' lang='grc' dir='ltr'><strong>ιω</strong></span> <span class='ocrx_word' id='word_1_2' title='bbox 352 364 553 440; x_wconf 71' lang='lat' dir='ltr'><strong>eaerum</strong></span> <span class='ocrx_word' id='word_1_3' title='bbox 579 358 1017 439; x_wconf 76' lang='lat' dir='ltr'><strong>emcuffinronnu</strong></span> <span class='ocrx_word' id='word_1_4' title='bbox 1044 359 1142 434; x_wconf 78' lang='lat' dir='ltr'><strong>nr.</strong></span> <span class='ocrx_word' id='word_1_5' title='bbox 1169 366 1226 431; x_wconf 89' lang='lat'><strong>111.</strong></span> <span class='ocrx_word' id='word_1_6' title='bbox 1253 366 1285 455; x_wconf 69' lang='lat' dir='ltr'><strong>i·</strong></span> <span class='ocrx_word' id='word_1_7' title='bbox 1314 364 1488 436; x_wconf 83' lang='lat' dir='ltr'><strong>a...v1.</strong></span> <span class='ocrx_word' id='word_1_8' title='bbox 1515 367 1547 454; x_wconf 71' lang='grc' dir='ltr'><strong>ς.</strong></span> <span class='ocrx_word' id='word_1_9' title='bbox 1579 371 1634 437; x_wconf 83' lang='lat'><strong>13.</strong></span> <span class='ocrx_word' id='word_1_10' title='bbox 1821 367 1893 437; x_wconf 74' lang='lat' dir='ltr'><strong>rai</strong></span> 
     </span>
    </p>
   </div>
   <div class='ocr_carea' id='block_1_2' title="bbox 92 546 1893 618">
    <p class='ocr_par' dir='ltr' id='par_1_2' title="bbox 92 546 1893 618">
     <span class='ocr_line' id='line_1_2' title="bbox 92 546 1893 618; baseline -0.007 -10"><span class='ocrx_word' id='word_1_11' title='bbox 92 565 135 608; x_wconf 84' lang='lat' dir='ltr'><strong>eet</strong></span> <span class='ocrx_word' id='word_1_12' title='bbox 159 557 199 614; x_wconf 85' lang='lat' dir='ltr'><strong>ei,</strong></span> <span class='ocrx_word' id='word_1_13' title='bbox 228 562 275 615; x_wconf 89' lang='lat' dir='ltr'><strong>ut,</strong></span> <span class='ocrx_word' id='word_1_14' title='bbox 300 555 323 605; x_wconf 82' lang='lat' dir='ltr'><strong>ai</strong></span> <span class='ocrx_word' id='word_1_15' title='bbox 349 553 469 603; x_wconf 89' lang='lat' dir='ltr'><strong>triennio</strong></span> <span class='ocrx_word' id='word_1_16' title='bbox 496 555 569 604; x_wconf 89' lang='lat' dir='ltr'><strong>inter</strong></span> <span class='ocrx_word' id='word_1_17' title='bbox 593 551 690 618; x_wconf 71' lang='lat' dir='ltr'><strong>vigilet</strong></span> <span class='ocrx_word' id='word_1_18' title='bbox 721 550 896 609; x_wconf 80' lang='lat' dir='ltr'><strong>militaverit,</strong></span> <span class='ocrx_word' id='word_1_19' title='bbox 921 549 965 600; x_wconf 85' lang='lat' dir='ltr'><strong>ina</strong></span> <span class='ocrx_word' id='word_1_20' title='bbox 1019 548 1213 616; x_wconf 78' lang='lat' dir='ltr'><strong>berumparit3</strong></span> <span class='ocrx_word' id='word_1_21' title='bbox 1232 562 1295 597; x_wconf 85' lang='lat' dir='ltr'><strong>nam</strong></span> <span class='ocrx_word' id='word_1_22' title='bbox 1312 547 1443 615; x_wconf 90' lang='lat' dir='ltr'><strong>quoniam</strong></span> <span class='ocrx_word' id='word_1_23' title='bbox 1461 564 1515 596; x_wconf 89' lang='lat' dir='ltr'><strong>non</strong></span> <span class='ocrx_word' id='word_1_24' title='bbox 1531 546 1652 613; x_wconf 78' lang='lat' dir='ltr'><strong>legitime</strong></span> <span class='ocrx_word' id='word_1_25' title='bbox 1670 546 1811 612; x_wconf 82' lang='lat' dir='ltr'>concepit,</span> <span class='ocrx_word' id='word_1_26' title='bbox 1832 562 1893 596; x_wconf 88' lang='lat' dir='ltr'><strong>cnm</strong></span> 
     </span>
    </p>
   </div>
   <div class='ocr_carea' id='block_1_3' title="bbox 92 635 969 868">
    <p class='ocr_par' dir='ltr' id='par_1_3' title="bbox 92 635 969 868">
     <span class='ocr_line' id='line_1_3' title="bbox 92 635 967 710; baseline -0.011 -17"><span class='ocrx_word' id='word_1_27' title='bbox 92 642 247 710; x_wconf 79' lang='lat' dir='ltr'><strong>Quiritium</strong></span> <span class='ocrx_word' id='word_1_28' title='bbox 257 647 451 705; x_wconf 69' lang='lat' dir='ltr'><strong>consequatur.</strong></span> <span class='ocrx_word' id='word_1_29' title='bbox 471 639 496 704; x_wconf 85' lang='lat'><strong>5.</strong></span> <span class='ocrx_word' id='word_1_30' title='bbox 505 639 534 692; x_wconf 81' lang='lat'><strong>6.</strong></span> <span class='ocrx_word' id='word_1_31' title='bbox 557 635 626 687; x_wconf 82' lang='lat' dir='ltr'><strong>Neri</strong></span> <span class='ocrx_word' id='word_1_32' title='bbox 639 637 673 669; x_wconf 84' lang='grc'><strong>00·</strong></span> <span class='ocrx_word' id='word_1_33' title='bbox 692 635 808 701; x_wconf 67' lang='lat' dir='ltr'><strong>Latinus</strong></span> <span class='ocrx_word' id='word_1_34' title='bbox 827 635 967 686; x_wconf 80' lang='lat' dir='ltr'><strong>civitatem</strong></span> 
     </span>
     <span class='ocr_line' id='line_1_4' title="bbox 96 718 968 791; baseline -0.011 -12"><span class='ocrx_word' id='word_1_35' title='bbox 96 728 244 779; x_wconf 79' lang='lat' dir='ltr'><strong>liomrnein</strong></span> <span class='ocrx_word' id='word_1_36' title='bbox 267 724 384 791; x_wconf 79' lang='lat' dir='ltr'><strong>accipit,</strong></span> <span class='ocrx_word' id='word_1_37' title='bbox 402 723 426 773; x_wconf 85' lang='lat' dir='ltr'><strong>ai</strong></span> <span class='ocrx_word' id='word_1_38' title='bbox 451 738 507 773; x_wconf 92' lang='lat' dir='ltr'><strong>non</strong></span> <span class='ocrx_word' id='word_1_39' title='bbox 531 721 663 774; x_wconf 81' lang='lat' dir='ltr'>minorem</span> <span class='ocrx_word' id='word_1_40' title='bbox 688 736 773 789; x_wconf 81' lang='lat' dir='ltr'><strong>quam</strong></span> <span class='ocrx_word' id='word_1_41' title='bbox 799 718 894 770; x_wconf 87' lang='lat' dir='ltr'><strong>decem</strong></span> <span class='ocrx_word' id='word_1_42' title='bbox 915 719 968 769; x_wconf 89' lang='lat' dir='ltr'><strong>mi·</strong></span> 
     </span>
     <span class='ocr_line' id='line_1_5' title="bbox 93 806 969 868; baseline -0.01 -5"><span class='ocrx_word' id='word_1_43' title='bbox 93 811 162 863; x_wconf 84' lang='lat' dir='ltr'><strong>lium</strong></span> <span class='ocrx_word' id='word_1_44' title='bbox 179 808 336 861; x_wconf 86' lang='lat' dir='ltr'><strong>modiorum</strong></span> <span class='ocrx_word' id='word_1_45' title='bbox 354 824 451 858; x_wconf 81' lang='lat' dir='ltr'><strong>narem</strong></span> <span class='ocrx_word' id='word_1_46' title='bbox 469 807 662 868; x_wconf 73' lang='lat' dir='ltr'><strong>fabricaverit,</strong></span> <span class='ocrx_word' id='word_1_47' title='bbox 681 814 709 856; x_wconf 90' lang='lat' dir='ltr'><strong>et</strong></span> <span class='ocrx_word' id='word_1_48' title='bbox 727 806 837 855; x_wconf 82' lang='lat' dir='ltr'><strong>Romam</strong></span> <span class='ocrx_word' id='word_1_49' title='bbox 856 820 903 854; x_wconf 77' lang='lat' dir='ltr'><strong>een</strong></span> <span class='ocrx_word' id='word_1_50' title='bbox 916 820 969 855; x_wconf 81' lang='lat' dir='ltr'><strong>nu·</strong></span> 
     </span>
    </p>
   </div>
   <div class='ocr_carea' id='block_1_4' title="bbox 93 889 889 1004">
    <p class='ocr_par' dir='ltr' id='par_1_4' title="bbox 93 889 889 1004">
     <span class='ocr_line' id='line_1_6' title="bbox 93 889 889 962; baseline -0.013 -13"><span class='ocrx_word' id='word_1_51' title='bbox 93 896 139 949; x_wconf 75' lang='lat' dir='ltr'><strong>nir</strong></span> <span class='ocrx_word' id='word_1_52' title='bbox 156 895 325 947; x_wconf 70' lang='lat' dir='ltr'><strong>[renuentum</strong></span> <span class='ocrx_word' id='word_1_53' title='bbox 344 893 511 962; x_wconf 86' lang='lat' dir='ltr'><strong>portaverit,</strong></span> <span class='ocrx_word' id='word_1_54' title='bbox 531 909 564 942; x_wconf 80' lang='lat' dir='ltr'><strong>en</strong></span> <span class='ocrx_word' id='word_1_55' title='bbox 582 892 674 942; x_wconf 85' lang='lat' dir='ltr'><strong>edicto</strong></span> <span class='ocrx_word' id='word_1_56' title='bbox 693 890 751 942; x_wconf 83' lang='lat' dir='ltr'><strong>diri</strong></span> <span class='ocrx_word' id='word_1_57' title='bbox 770 889 889 941; x_wconf 88' lang='lat' dir='ltr'><strong>Claudii.</strong></span> 
     </span>
     <span class='ocr_line' id='line_1_7' title="bbox 275 978 624 1004; baseline -0.006 2"><span class='ocrx_word' id='word_1_58' title='bbox 275 985 277 990; x_wconf 91' lang='grc'><strong>’</strong></span> <span class='ocrx_word' id='word_1_59' title='bbox 447 982 460 1002; x_wconf 76' lang='grc' dir='ltr'>Ι</span> <span class='ocrx_word' id='word_1_60' title='bbox 529 978 541 1003; x_wconf 73' lang='grc' dir='ltr'>ί</span> <span class='ocrx_word' id='word_1_61' title='bbox 613 980 624 1004; x_wconf 80' lang='grc' dir='ltr'>Ι</span> 
     </span>
    </p>
   </div>
   <div class='ocr_carea' id='block_1_5' title="bbox 179 1047 893 1133">
    <p class='ocr_par' dir='ltr' id='par_1_5' title="bbox 179 1047 893 1133">
     <span class='ocr_line' id='line_1_8' title="bbox 179 1047 893 1133; baseline -0.011 -10"><span class='ocrx_word' id='word_1_62' title='bbox 179 1081 246 1123; x_wconf 81' lang='lat' dir='ltr'><strong>uir.</strong></span> <span class='ocrx_word' id='word_1_63' title='bbox 276 1081 320 1121; x_wconf 77' lang='lat' dir='ltr'><strong>iv.</strong></span> <span class='ocrx_word' id='word_1_64' title='bbox 367 1047 410 1122; x_wconf 71' lang='lat' dir='ltr'><strong>nn</strong></span> <span class='ocrx_word' id='word_1_65' title='bbox 438 1077 490 1120; x_wconf 79' lang='lat' dir='ltr'><strong>nia</strong></span> <span class='ocrx_word' id='word_1_66' title='bbox 516 1078 573 1133; x_wconf 84' lang='lat' dir='ltr'><strong>Qnr</strong></span> <span class='ocrx_word' id='word_1_67' title='bbox 600 1076 653 1118; x_wconf 82' lang='lat' dir='ltr'><strong>eui</strong></span> <span class='ocrx_word' id='word_1_68' title='bbox 684 1076 767 1118; x_wconf 82' lang='lat' dir='ltr'><strong>inuis</strong></span> <span class='ocrx_word' id='word_1_69' title='bbox 796 1072 893 1117; x_wconf 79' lang='lat' dir='ltr'><strong>suun.</strong></span> 
     </span>
    </p>
   </div>
   <div class='ocr_carea' id='block_1_6' title="bbox 10 1161 973 1491">
    <p class='ocr_par' dir='ltr' id='par_1_6' title="bbox 10 1161 973 1491">
     <span class='ocr_line' id='line_1_9' title="bbox 130 1161 973 1236; baseline -0.011 -15"><span class='ocrx_word' id='word_1_70' title='bbox 130 1169 157 1236; x_wconf 82' lang='lat'><strong>5.</strong></span> <span class='ocrx_word' id='word_1_71' title='bbox 177 1170 203 1223; x_wconf 86' lang='lat'><strong>1.</strong></span> <span class='ocrx_word' id='word_1_72' title='bbox 221 1167 272 1218; x_wconf 84' lang='lat' dir='ltr'><strong>Sui</strong></span> <span class='ocrx_word' id='word_1_73' title='bbox 289 1166 443 1218; x_wconf 79' lang='lat' dir='ltr'><strong>iurie&#39;rnut</strong></span> <span class='ocrx_word' id='word_1_74' title='bbox 460 1164 626 1216; x_wconf 72' lang='lat' dir='ltr'><strong>familiarum</strong></span> <span class='ocrx_word' id='word_1_75' title='bbox 645 1180 758 1215; x_wconf 81' lang='lat' dir='ltr'><strong>arrarum</strong></span> <span class='ocrx_word' id='word_1_76' title='bbox 777 1163 925 1231; x_wconf 81' lang='lat' dir='ltr'><strong>principer,</strong></span> <span class='ocrx_word' id='word_1_77' title='bbox 944 1161 973 1212; x_wconf 87' lang='lat' dir='ltr'><strong>id</strong></span> 
     </span>
     <span class='ocr_line' id='line_1_10' title="bbox 94 1248 785 1322; baseline -0.009 -16"><span class='ocrx_word' id='word_1_78' title='bbox 94 1262 137 1306; x_wconf 83' lang='lat' dir='ltr'><strong>eet</strong></span> <span class='ocrx_word' id='word_1_79' title='bbox 154 1261 233 1322; x_wconf 86' lang='lat' dir='ltr'><strong>pater</strong></span> <span class='ocrx_word' id='word_1_80' title='bbox 251 1251 389 1312; x_wconf 75' lang='lat' dir='ltr'><strong>familiae,</strong></span> <span class='ocrx_word' id='word_1_81' title='bbox 407 1251 531 1320; x_wconf 81' lang='lat' dir='ltr'><strong>itemque</strong></span> <span class='ocrx_word' id='word_1_82' title='bbox 549 1257 637 1299; x_wconf 84' lang='lat' dir='ltr'><strong>mater</strong></span> <span class='ocrx_word' id='word_1_83' title='bbox 655 1248 785 1301; x_wconf 75' lang='lat' dir='ltr'><strong>familiae.</strong></span> 
     </span>
     <span class='ocr_line' id='line_1_11' title="bbox 10 1331 973 1408; baseline -0.011 -14"><span class='ocrx_word' id='word_1_84' title='bbox 10 1338 75 1408; x_wconf 57' lang='grc' dir='ltr'><strong>Μ.</strong></span> <span class='ocrx_word' id='word_1_85' title='bbox 130 1338 156 1407; x_wconf 76' lang='grc'><strong>5.</strong></span> <span class='ocrx_word' id='word_1_86' title='bbox 176 1341 201 1394; x_wconf 82' lang='lat'><strong>2.</strong></span> <span class='ocrx_word' id='word_1_87' title='bbox 221 1337 280 1407; x_wconf 84' lang='lat' dir='ltr'><strong>Qui</strong></span> <span class='ocrx_word' id='word_1_88' title='bbox 299 1337 398 1396; x_wconf 76' lang='lat' dir='ltr'><strong>mentre</strong></span> <span class='ocrx_word' id='word_1_89' title='bbox 417 1334 531 1404; x_wconf 84' lang='lat' dir='ltr'><strong>quidem</strong></span> <span class='ocrx_word' id='word_1_90' title='bbox 552 1331 665 1405; x_wconf 51' lang='grc' dir='ltr'><strong>ᾔτηη),</strong></span> <span class='ocrx_word' id='word_1_91' title='bbox 683 1339 865 1402; x_wconf 85' lang='lat' dir='ltr'><strong>patreauteru</strong></span> <span class='ocrx_word' id='word_1_92' title='bbox 883 1332 973 1383; x_wconf 88' lang='lat' dir='ltr'><strong>incer-</strong></span> 
     </span>
     <span class='ocr_line' id='line_1_12' title="bbox 96 1420 935 1491; baseline -0.013 -15"><span class='ocrx_word' id='word_1_93' title='bbox 96 1434 127 1476; x_wconf 86' lang='lat' dir='ltr'><strong>to</strong></span> <span class='ocrx_word' id='word_1_94' title='bbox 144 1424 205 1476; x_wconf 80' lang='lat' dir='ltr'><strong>nuti</strong></span> <span class='ocrx_word' id='word_1_95' title='bbox 223 1430 303 1484; x_wconf 83' lang='lat' dir='ltr'><strong>eunt,</strong></span> <span class='ocrx_word' id='word_1_96' title='bbox 321 1422 413 1491; x_wconf 81' lang='lat' dir='ltr'><strong>epnrii</strong></span> <span class='ocrx_word' id='word_1_97' title='bbox 428 1420 616 1489; x_wconf 84' lang='lat' dir='ltr'><strong>adpellantur.</strong></span> <span class='ocrx_word' id='word_1_98' title='bbox 928 1420 935 1427; x_wconf 89' lang='lat'>&#39;</span> 
     </span>
    </p>
   </div>
   <div class='ocr_carea' id='block_1_7' title="bbox 158 1551 919 1610">
    <p class='ocr_par' dir='ltr' id='par_1_7' title="bbox 158 1551 919 1610">
     <span class='ocr_line' id='line_1_13' title="bbox 158 1551 919 1610; baseline -0.009 -9"><span class='ocrx_word' id='word_1_99' title='bbox 158 1558 224 1601; x_wconf 70' lang='lat' dir='ltr'><strong>nt‘t&#39;·</strong></span> <span class='ocrx_word' id='word_1_100' title='bbox 252 1558 281 1598; x_wconf 80' lang='lat' dir='ltr'><strong>V·</strong></span> <span class='ocrx_word' id='word_1_101' title='bbox 323 1557 364 1598; x_wconf 78' lang='lat' dir='ltr'><strong>nn</strong></span> <span class='ocrx_word' id='word_1_102' title='bbox 394 1556 446 1599; x_wconf 80' lang='lat' dir='ltr'><strong>uls</strong></span> <span class='ocrx_word' id='word_1_103' title='bbox 472 1555 527 1610; x_wconf 75' lang='lat' dir='ltr'><strong>Qut</strong></span> <span class='ocrx_word' id='word_1_104' title='bbox 558 1555 591 1597; x_wconf 80' lang='lat' dir='ltr'><strong>tu</strong></span> <span class='ocrx_word' id='word_1_105' title='bbox 620 1551 801 1595; x_wconf 72' lang='lat' dir='ltr'><strong>ronnsnln‘n</strong></span> <span class='ocrx_word' id='word_1_106' title='bbox 828 1552 919 1594; x_wconf 68' lang='lat' dir='ltr'><strong>SUNT·</strong></span> 
     </span>
    </p>
   </div>
   <div class='ocr_carea' id='block_1_8' title="bbox 96 1633 977 2651">
    <p class='ocr_par' dir='ltr' id='par_1_8' title="bbox 98 1633 974 1785">
     <span class='ocr_line' id='line_1_14' title="bbox 132 1633 974 1714; baseline -0.01 -13"><span class='ocrx_word' id='word_1_107' title='bbox 132 1647 157 1714; x_wconf 87' lang='lat'><strong>5.</strong></span> <span class='ocrx_word' id='word_1_108' title='bbox 168 1650 194 1702; x_wconf 83' lang='lat'><strong>1.</strong></span> <span class='ocrx_word' id='word_1_109' title='bbox 212 1647 245 1697; x_wconf 89' lang='lat' dir='ltr'><strong>In</strong></span> <span class='ocrx_word' id='word_1_110' title='bbox 264 1651 403 1714; x_wconf 76' lang='lat' dir='ltr'><strong>potentatu</strong></span> <span class='ocrx_word' id='word_1_111' title='bbox 421 1651 489 1695; x_wconf 79' lang='lat' dir='ltr'><strong>eraut</strong></span> <span class='ocrx_word' id='word_1_112' title='bbox 505 1641 588 1693; x_wconf 82' lang='lat' dir='ltr'><strong>liberi</strong></span> <span class='ocrx_word' id='word_1_113' title='bbox 606 1649 762 1709; x_wconf 87' lang='lat' dir='ltr'><strong>parentum,</strong></span> <span class='ocrx_word' id='word_1_114' title='bbox 784 1658 821 1691; x_wconf 74' lang='lat' dir='ltr'><strong>ex</strong></span> <span class='ocrx_word' id='word_1_115' title='bbox 845 1633 882 1674; x_wconf 79' lang='grc'><strong>000</strong></span> <span class='ocrx_word' id='word_1_116' title='bbox 897 1640 974 1693; x_wconf 76' lang='lat' dir='ltr'><strong>inito</strong></span> 
     </span>
     <span class='ocr_line' id='line_1_15' title="bbox 98 1729 363 1785; baseline -0.015 0"><span class='ocrx_word' id='word_1_117' title='bbox 98 1731 275 1785; x_wconf 78' lang='lat' dir='ltr'><strong>matrimonio</strong></span> <span class='ocrx_word' id='word_1_118' title='bbox 294 1729 363 1781; x_wconf 84' lang='lat' dir='ltr'><strong>neti.</strong></span> 
     </span>
    </p>

    <p class='ocr_par' dir='ltr' id='par_1_9' title="bbox 96 1809 977 2651">
     <span class='ocr_line' id='line_1_16' title="bbox 133 1809 975 1886; baseline -0.014 -15"><span class='ocrx_word' id='word_1_119' title='bbox 133 1818 205 1886; x_wconf 38' lang='lat'><strong>522.</strong></span> <span class='ocrx_word' id='word_1_120' title='bbox 241 1816 349 1867; x_wconf 81' lang='lat' dir='ltr'><strong>lurtum</strong></span> <span class='ocrx_word' id='word_1_121' title='bbox 366 1812 574 1865; x_wconf 77' lang='lat' dir='ltr'><strong>matrimonium</strong></span> <span class='ocrx_word' id='word_1_122' title='bbox 591 1819 634 1863; x_wconf 80' lang='lat' dir='ltr'><strong>ert</strong></span> <span class='ocrx_word' id='word_1_123' title='bbox 652 1811 676 1863; x_wconf 81' lang='lat' dir='ltr'><strong>ai</strong></span> <span class='ocrx_word' id='word_1_124' title='bbox 697 1811 770 1863; x_wconf 85' lang='lat' dir='ltr'><strong>inter</strong></span> <span class='ocrx_word' id='word_1_125' title='bbox 784 1826 841 1873; x_wconf 81' lang='lat' dir='ltr'><strong>eor,</strong></span> <span class='ocrx_word' id='word_1_126' title='bbox 856 1809 905 1879; x_wconf 86' lang='lat' dir='ltr'><strong>qui</strong></span> <span class='ocrx_word' id='word_1_127' title='bbox 919 1826 975 1860; x_wconf 89' lang='lat' dir='ltr'><strong>nn-</strong></span> 
     </span>
     <span class='ocr_line' id='line_1_17' title="bbox 97 1895 975 1972; baseline -0.009 -18"><span class='ocrx_word' id='word_1_128' title='bbox 97 1902 170 1972; x_wconf 75' lang='lat' dir='ltr'><strong>ptiu</strong></span> <span class='ocrx_word' id='word_1_129' title='bbox 194 1899 379 1962; x_wconf 86' lang='lat' dir='ltr'><strong>contrahunt,</strong></span> <span class='ocrx_word' id='word_1_130' title='bbox 398 1897 549 1955; x_wconf 81' lang='lat' dir='ltr'><strong>conubium</strong></span> <span class='ocrx_word' id='word_1_131' title='bbox 568 1899 621 1959; x_wconf 75' lang='lat' dir='ltr'><strong>ait,</strong></span> <span class='ocrx_word' id='word_1_132' title='bbox 640 1905 669 1949; x_wconf 88' lang='lat' dir='ltr'><strong>et</strong></span> <span class='ocrx_word' id='word_1_133' title='bbox 687 1904 744 1949; x_wconf 83' lang='lat' dir='ltr'><strong>tum</strong></span> <span class='ocrx_word' id='word_1_134' title='bbox 761 1895 900 1947; x_wconf 70' lang='lat' dir='ltr'><strong>marculus</strong></span> <span class='ocrx_word' id='word_1_135' title='bbox 919 1912 975 1964; x_wconf 69' lang='grc' dir='ltr'><strong>μυ-</strong></span> 
     </span>
     <span class='ocr_line' id='line_1_18' title="bbox 97 1981 975 2053; baseline -0.009 -15"><span class='ocrx_word' id='word_1_136' title='bbox 97 1985 162 2049; x_wconf 77' lang='lat' dir='ltr'><strong>bea,</strong></span> <span class='ocrx_word' id='word_1_137' title='bbox 182 2002 266 2053; x_wconf 85' lang='lat' dir='ltr'><strong>quam</strong></span> <span class='ocrx_word' id='word_1_138' title='bbox 284 1981 385 2036; x_wconf 84' lang='lat' dir='ltr'><strong>femina</strong></span> <span class='ocrx_word' id='word_1_139' title='bbox 403 1982 572 2052; x_wconf 72' lang='lat' dir='ltr'><strong>putruerit,</strong></span> <span class='ocrx_word' id='word_1_140' title='bbox 591 1991 621 2035; x_wconf 89' lang='lat' dir='ltr'><strong>et</strong></span> <span class='ocrx_word' id='word_1_141' title='bbox 645 1982 758 2050; x_wconf 86' lang='lat' dir='ltr'><strong>utrique</strong></span> <span class='ocrx_word' id='word_1_142' title='bbox 784 1982 975 2043; x_wconf 67' lang='lat' dir='ltr'><strong>consentiant,</strong></span> 
     </span>
     <span class='ocr_line' id='line_1_19' title="bbox 97 2065 976 2136; baseline -0.01 -11"><span class='ocrx_word' id='word_1_143' title='bbox 97 2072 122 2125; x_wconf 81' lang='lat' dir='ltr'><strong>ei</strong></span> <span class='ocrx_word' id='word_1_144' title='bbox 140 2071 184 2122; x_wconf 79' lang='lat' dir='ltr'><strong>rui</strong></span> <span class='ocrx_word' id='word_1_145' title='bbox 202 2070 271 2121; x_wconf 84' lang='lat' dir='ltr'><strong>inrir</strong></span> <span class='ocrx_word' id='word_1_146' title='bbox 291 2076 358 2120; x_wconf 83' lang='lat' dir='ltr'><strong>aunt</strong></span> <span class='ocrx_word' id='word_1_147' title='bbox 383 2069 419 2130; x_wconf 83' lang='grc'><strong>00,</strong></span> <span class='ocrx_word' id='word_1_148' title='bbox 439 2077 489 2119; x_wconf 89' lang='lat' dir='ltr'><strong>ant</strong></span> <span class='ocrx_word' id='word_1_149' title='bbox 515 2070 597 2118; x_wconf 87' lang='lat' dir='ltr'><strong>etiam</strong></span> <span class='ocrx_word' id='word_1_150' title='bbox 616 2077 744 2136; x_wconf 77' lang='lat' dir='ltr'><strong>parente·</strong></span> <span class='ocrx_word' id='word_1_151' title='bbox 764 2084 874 2128; x_wconf 80' lang='lat' dir='ltr'><strong>enriiru,</strong></span> <span class='ocrx_word' id='word_1_152' title='bbox 899 2066 921 2116; x_wconf 80' lang='lat' dir='ltr'><strong>si</strong></span> <span class='ocrx_word' id='word_1_153' title='bbox 946 2065 976 2116; x_wconf 93' lang='lat' dir='ltr'><strong>in</strong></span> 
     </span>
     <span class='ocr_line' id='line_1_20' title="bbox 96 2149 975 2227; baseline -0.01 -18"><span class='ocrx_word' id='word_1_154' title='bbox 96 2160 238 2227; x_wconf 70' lang='lat' dir='ltr'><strong>potestate</strong></span> <span class='ocrx_word' id='word_1_155' title='bbox 249 2163 314 2205; x_wconf 80' lang='lat' dir='ltr'><strong>erint</strong></span> <span class='ocrx_word' id='word_1_156' title='bbox 331 2152 363 2209; x_wconf 78' lang='grc'><strong>00.</strong></span> <span class='ocrx_word' id='word_1_157' title='bbox 383 2154 436 2220; x_wconf 83' lang='lat'><strong>53.</strong></span> <span class='ocrx_word' id='word_1_158' title='bbox 448 2152 606 2203; x_wconf 87' lang='lat' dir='ltr'><strong>Canubium</strong></span> <span class='ocrx_word' id='word_1_159' title='bbox 618 2160 660 2203; x_wconf 79' lang='lat' dir='ltr'><strong>eet</strong></span> <span class='ocrx_word' id='word_1_160' title='bbox 680 2153 772 2204; x_wconf 78' lang='lat' dir='ltr'><strong>uxorii</strong></span> <span class='ocrx_word' id='word_1_161' title='bbox 791 2151 851 2202; x_wconf 88' lang='lat' dir='ltr'><strong>iure</strong></span> <span class='ocrx_word' id='word_1_162' title='bbox 870 2149 975 2201; x_wconf 89' lang='lat' dir='ltr'><strong>dueen-</strong></span> 
     </span>
     <span class='ocr_line' id='line_1_21' title="bbox 99 2236 975 2306; baseline -0.009 -12"><span class='ocrx_word' id='word_1_163' title='bbox 99 2240 151 2294; x_wconf 83' lang='lat' dir='ltr'><strong>dae</strong></span> <span class='ocrx_word' id='word_1_164' title='bbox 177 2240 303 2292; x_wconf 73' lang='lat' dir='ltr'><strong>facultas.</strong></span> <span class='ocrx_word' id='word_1_165' title='bbox 340 2240 365 2306; x_wconf 90' lang='lat'><strong>5.</strong></span> <span class='ocrx_word' id='word_1_166' title='bbox 384 2240 408 2291; x_wconf 66' lang='grc'><strong>4.</strong></span> <span class='ocrx_word' id='word_1_167' title='bbox 446 2238 604 2290; x_wconf 88' lang='lat' dir='ltr'><strong>Conubium</strong></span> <span class='ocrx_word' id='word_1_168' title='bbox 632 2237 738 2288; x_wconf 81' lang='lat' dir='ltr'><strong>liabent</strong></span> <span class='ocrx_word' id='word_1_169' title='bbox 762 2239 833 2287; x_wconf 77' lang='lat' dir='ltr'><strong>cives</strong></span> <span class='ocrx_word' id='word_1_170' title='bbox 860 2236 975 2286; x_wconf 73' lang='lat' dir='ltr'><strong>Rotnani</strong></span> 
     </span>
     <span class='ocr_line' id='line_1_22' title="bbox 101 2322 977 2392; baseline -0.008 -14"><span class='ocrx_word' id='word_1_171' title='bbox 101 2343 163 2378; x_wconf 86' lang='lat' dir='ltr'><strong>cum</strong></span> <span class='ocrx_word' id='word_1_172' title='bbox 183 2323 292 2377; x_wconf 73' lang='lat' dir='ltr'><strong>civibus</strong></span> <span class='ocrx_word' id='word_1_173' title='bbox 319 2324 461 2388; x_wconf 71' lang='lat' dir='ltr'><strong>Romania,</strong></span> <span class='ocrx_word' id='word_1_174' title='bbox 485 2342 547 2375; x_wconf 82' lang='lat' dir='ltr'><strong>euru</strong></span> <span class='ocrx_word' id='word_1_175' title='bbox 571 2323 675 2374; x_wconf 79' lang='lat' dir='ltr'><strong>Latiuir</strong></span> <span class='ocrx_word' id='word_1_176' title='bbox 695 2332 788 2375; x_wconf 85' lang='lat' dir='ltr'><strong>autem</strong></span> <span class='ocrx_word' id='word_1_177' title='bbox 806 2331 835 2373; x_wconf 89' lang='lat' dir='ltr'><strong>et</strong></span> <span class='ocrx_word' id='word_1_178' title='bbox 853 2322 977 2392; x_wconf 74' lang='lat' dir='ltr'><strong>peregri-</strong></span> 
     </span>
     <span class='ocr_line' id='line_1_23' title="bbox 101 2408 977 2477; baseline -0.006 -14"><span class='ocrx_word' id='word_1_179' title='bbox 101 2412 143 2464; x_wconf 85' lang='lat' dir='ltr'><strong>nlr</strong></span> <span class='ocrx_word' id='word_1_180' title='bbox 162 2410 210 2474; x_wconf 90' lang='lat' dir='ltr'><strong>ita,</strong></span> <span class='ocrx_word' id='word_1_181' title='bbox 228 2411 252 2463; x_wconf 86' lang='lat' dir='ltr'><strong>ai</strong></span> <span class='ocrx_word' id='word_1_182' title='bbox 271 2426 430 2461; x_wconf 78' lang='lat' dir='ltr'><strong>concesium</strong></span> <span class='ocrx_word' id='word_1_183' title='bbox 449 2410 493 2460; x_wconf 80' lang='lat' dir='ltr'><strong>sit.</strong></span> <span class='ocrx_word' id='word_1_184' title='bbox 521 2410 545 2477; x_wconf 98' lang='lat'><strong>5.</strong></span> <span class='ocrx_word' id='word_1_185' title='bbox 563 2411 589 2464; x_wconf 82' lang='lat'><strong>5.</strong></span> <span class='ocrx_word' id='word_1_186' title='bbox 616 2408 685 2460; x_wconf 90' lang='lat' dir='ltr'><strong>Cum</strong></span> <span class='ocrx_word' id='word_1_187' title='bbox 705 2409 789 2459; x_wconf 67' lang='lat' dir='ltr'><strong>servia</strong></span> <span class='ocrx_word' id='word_1_188' title='bbox 807 2408 916 2459; x_wconf 88' lang='lat' dir='ltr'><strong>nullum</strong></span> <span class='ocrx_word' id='word_1_189' title='bbox 935 2415 977 2458; x_wconf 78' lang='lat' dir='ltr'><strong>ert</strong></span> 
     </span>
     <span class='ocr_line' id='line_1_24' title="bbox 100 2492 977 2562; baseline -0.006 -14"><span class='ocrx_word' id='word_1_190' title='bbox 100 2494 260 2549; x_wconf 83' lang='lat' dir='ltr'><strong>conubium.</strong></span> <span class='ocrx_word' id='word_1_191' title='bbox 280 2494 305 2561; x_wconf 89' lang='lat'><strong>5.</strong></span> <span class='ocrx_word' id='word_1_192' title='bbox 320 2495 345 2549; x_wconf 81' lang='lat'><strong>6.</strong></span> <span class='ocrx_word' id='word_1_193' title='bbox 366 2496 441 2544; x_wconf 86' lang='lat' dir='ltr'><strong>luter</strong></span> <span class='ocrx_word' id='word_1_194' title='bbox 459 2503 587 2562; x_wconf 77' lang='lat' dir='ltr'><strong>parentur</strong></span> <span class='ocrx_word' id='word_1_195' title='bbox 606 2500 634 2544; x_wconf 91' lang='lat' dir='ltr'><strong>et</strong></span> <span class='ocrx_word' id='word_1_196' title='bbox 652 2492 754 2545; x_wconf 75' lang='lat' dir='ltr'><strong>liberor</strong></span> <span class='ocrx_word' id='word_1_197' title='bbox 765 2494 872 2544; x_wconf 87' lang='lat' dir='ltr'><strong>intinitc</strong></span> <span class='ocrx_word' id='word_1_198' title='bbox 883 2492 977 2543; x_wconf 78' lang='lat' dir='ltr'><strong>cuiue·</strong></span> 
     </span>
     <span class='ocr_line' id='line_1_25' title="bbox 99 2579 977 2651; baseline -0.006 -18"><span class='ocrx_word' id='word_1_199' title='bbox 99 2598 220 2651; x_wconf 85' lang='lat' dir='ltr'><strong>eumque</strong></span> <span class='ocrx_word' id='word_1_200' title='bbox 244 2579 345 2649; x_wconf 76' lang='lat' dir='ltr'><strong>gradne</strong></span> <span class='ocrx_word' id='word_1_201' title='bbox 371 2580 393 2612; x_wconf 81' lang='grc'><strong>00</strong></span> <span class='ocrx_word' id='word_1_202' title='bbox 419 2579 570 2630; x_wconf 83' lang='lat' dir='ltr'><strong>conubium</strong></span> <span class='ocrx_word' id='word_1_203' title='bbox 596 2596 652 2630; x_wconf 90' lang='lat' dir='ltr'><strong>non</strong></span> <span class='ocrx_word' id='word_1_204' title='bbox 674 2588 723 2630; x_wconf 79' lang='lat' dir='ltr'><strong>eet</strong></span> <span class='ocrx_word' id='word_1_205' title='bbox 748 2580 820 2629; x_wconf 89' lang='lat' dir='ltr'><strong>inter</strong></span> <span class='ocrx_word' id='word_1_206' title='bbox 847 2585 977 2645; x_wconf 76' lang='lat' dir='ltr'><strong>cognatur</strong></span> 
     </span>
    </p>
   </div>
   <div class='ocr_carea' id='block_1_9' title="bbox 99 2660 977 2899">
    <p class='ocr_par' dir='ltr' id='par_1_10' title="bbox 99 2660 977 2899">
     <span class='ocr_line' id='line_1_26' title="bbox 99 2660 977 2732; baseline -0.006 -13"><span class='ocrx_word' id='word_1_207' title='bbox 99 2675 193 2719; x_wconf 84' lang='lat' dir='ltr'><strong>nutem</strong></span> <span class='ocrx_word' id='word_1_208' title='bbox 221 2682 256 2719; x_wconf 75' lang='lat' dir='ltr'><strong>en</strong></span> <span class='ocrx_word' id='word_1_209' title='bbox 283 2673 439 2717; x_wconf 72' lang='lat' dir='ltr'><strong>transuerso</strong></span> <span class='ocrx_word' id='word_1_210' title='bbox 465 2662 553 2730; x_wconf 81' lang='lat' dir='ltr'><strong>gradu</strong></span> <span class='ocrx_word' id='word_1_211' title='bbox 584 2663 651 2715; x_wconf 84' lang='lat' dir='ltr'><strong>olim</strong></span> <span class='ocrx_word' id='word_1_212' title='bbox 683 2661 798 2732; x_wconf 86' lang='lat' dir='ltr'><strong>quidem</strong></span> <span class='ocrx_word' id='word_1_213' title='bbox 825 2677 914 2731; x_wconf 73' lang='lat' dir='ltr'><strong>usque</strong></span> <span class='ocrx_word' id='word_1_214' title='bbox 941 2660 977 2715; x_wconf 82' lang='lat' dir='ltr'><strong>ad</strong></span> 
     </span>
     <span class='ocr_line' id='line_1_27' title="bbox 102 2745 977 2820; baseline -0.003 -20"><span class='ocrx_word' id='word_1_215' title='bbox 102 2758 234 2820; x_wconf 84' lang='lat' dir='ltr'><strong>quartum</strong></span> <span class='ocrx_word' id='word_1_216' title='bbox 261 2748 377 2819; x_wconf 77' lang='lat' dir='ltr'><strong>gradum</strong></span> <span class='ocrx_word' id='word_1_217' title='bbox 399 2747 576 2798; x_wconf 84' lang='lat' dir='ltr'><strong>matrimonia</strong></span> <span class='ocrx_word' id='word_1_218' title='bbox 601 2745 727 2798; x_wconf 87' lang='lat' dir='ltr'><strong>contrahi</strong></span> <span class='ocrx_word' id='word_1_219' title='bbox 749 2753 977 2815; x_wconf 82' lang='lat' dir='ltr'><strong>nonpoterant:</strong></span> 
     </span>
     <span class='ocr_line' id='line_1_28' title="bbox 99 2827 977 2899; baseline -0.008 -11"><span class='ocrx_word' id='word_1_220' title='bbox 99 2852 176 2889; x_wconf 88' lang='lat' dir='ltr'><strong>nnnc</strong></span> <span class='ocrx_word' id='word_1_221' title='bbox 199 2841 294 2884; x_wconf 87' lang='lat' dir='ltr'><strong>autem</strong></span> <span class='ocrx_word' id='word_1_222' title='bbox 318 2831 400 2882; x_wconf 86' lang='lat' dir='ltr'><strong>etiam</strong></span> <span class='ocrx_word' id='word_1_223' title='bbox 420 2831 556 2882; x_wconf 82' lang='lat' dir='ltr'><strong>extortio</strong></span> <span class='ocrx_word' id='word_1_224' title='bbox 581 2828 668 2899; x_wconf 73' lang='lat' dir='ltr'><strong>gradu</strong></span> <span class='ocrx_word' id='word_1_225' title='bbox 692 2830 758 2883; x_wconf 90' lang='lat' dir='ltr'><strong>licet</strong></span> <span class='ocrx_word' id='word_1_226' title='bbox 784 2846 896 2882; x_wconf 79' lang='lat' dir='ltr'><strong>uxorem</strong></span> <span class='ocrx_word' id='word_1_227' title='bbox 923 2827 977 2881; x_wconf 89' lang='lat' dir='ltr'><strong>du·</strong></span> 
     </span>
    </p>
   </div>
   <div class='ocr_carea' id='block_1_10' title="bbox 20 2913 977 2981">
    <p class='ocr_par' dir='ltr' id='par_1_11' title="bbox 20 2913 977 2981">
     <span class='ocr_line' id='line_1_29' title="bbox 20 2913 977 2981; baseline -0.007 -11"><span class='ocrx_word' id='word_1_228' title='bbox 20 2942 22 2949; x_wconf 41' lang='lat' dir='ltr'>v</span> <span class='ocrx_word' id='word_1_229' title='bbox 101 2932 179 2981; x_wconf 82' lang='lat' dir='ltr'><strong>cere;</strong></span> <span class='ocrx_word' id='word_1_230' title='bbox 205 2916 255 2971; x_wconf 80' lang='lat' dir='ltr'><strong>aed</strong></span> <span class='ocrx_word' id='word_1_231' title='bbox 277 2924 386 2968; x_wconf 80' lang='lat' dir='ltr'><strong>tanturn</strong></span> <span class='ocrx_word' id='word_1_232' title='bbox 410 2914 433 2949; x_wconf 86' lang='grc'><strong>00</strong></span> <span class='ocrx_word' id='word_1_233' title='bbox 457 2914 549 2965; x_wconf 81' lang='lat' dir='ltr'><strong>iratrir</strong></span> <span class='ocrx_word' id='word_1_234' title='bbox 574 2914 677 2977; x_wconf 77' lang='lat' dir='ltr'><strong>tiliam,</strong></span> <span class='ocrx_word' id='word_1_235' title='bbox 700 2928 757 2965; x_wconf 88' lang='lat' dir='ltr'><strong>uon</strong></span> <span class='ocrx_word' id='word_1_236' title='bbox 775 2915 858 2965; x_wconf 85' lang='lat' dir='ltr'><strong>etiam</strong></span> <span class='ocrx_word' id='word_1_237' title='bbox 876 2913 977 2965; x_wconf 78' lang='lat' dir='ltr'><strong>rororis</strong></span> 
     </span>
    </p>
   </div>
   <div class='ocr_carea' id='block_1_11' title="bbox 99 2998 979 3666">
    <p class='ocr_par' dir='ltr' id='par_1_12' title="bbox 99 2998 979 3583">
     <span class='ocr_line' id='line_1_30' title="bbox 103 2998 979 3068; baseline -0.008 -13"><span class='ocrx_word' id='word_1_238' title='bbox 103 3005 197 3064; x_wconf 84' lang='lat' dir='ltr'><strong>tiliam,</strong></span> <span class='ocrx_word' id='word_1_239' title='bbox 208 3011 258 3054; x_wconf 84' lang='lat' dir='ltr'><strong>aut</strong></span> <span class='ocrx_word' id='word_1_240' title='bbox 275 3003 386 3053; x_wconf 75' lang='lat' dir='ltr'><strong>amitam</strong></span> <span class='ocrx_word' id='word_1_241' title='bbox 404 2999 448 3052; x_wconf 81' lang='lat' dir='ltr'><strong>rel</strong></span> <span class='ocrx_word' id='word_1_242' title='bbox 466 3006 650 3062; x_wconf 75' lang='lat' dir='ltr'><strong>materteram,</strong></span> <span class='ocrx_word' id='word_1_243' title='bbox 669 3000 794 3068; x_wconf 83' lang='lat' dir='ltr'><strong>qnamrir</strong></span> <span class='ocrx_word' id='word_1_244' title='bbox 806 2998 903 3049; x_wconf 83' lang='lat' dir='ltr'><strong>eodem</strong></span> <span class='ocrx_word' id='word_1_245' title='bbox 915 3015 979 3067; x_wconf 80' lang='lat' dir='ltr'><strong>grn-</strong></span> 
     </span>
     <span class='ocr_line' id='line_1_31' title="bbox 101 3084 977 3153; baseline -0.008 -13"><span class='ocrx_word' id='word_1_246' title='bbox 101 3089 139 3140; x_wconf 90' lang='lat' dir='ltr'><strong>dn</strong></span> <span class='ocrx_word' id='word_1_247' title='bbox 159 3089 217 3139; x_wconf 80' lang='lat' dir='ltr'><strong>rint</strong></span> <span class='ocrx_word' id='word_1_248' title='bbox 236 3087 266 3136; x_wconf 83' lang='grc'><strong>00.</strong></span> <span class='ocrx_word' id='word_1_249' title='bbox 291 3102 350 3136; x_wconf 87' lang='lat' dir='ltr'><strong>eam</strong></span> <span class='ocrx_word' id='word_1_250' title='bbox 374 3084 519 3153; x_wconf 90' lang='lat' dir='ltr'><strong>denique,</strong></span> <span class='ocrx_word' id='word_1_251' title='bbox 544 3100 618 3152; x_wconf 81' lang='lat' dir='ltr'><strong>quae</strong></span> <span class='ocrx_word' id='word_1_252' title='bbox 644 3100 761 3136; x_wconf 82' lang='lat' dir='ltr'><strong>noverea</strong></span> <span class='ocrx_word' id='word_1_253' title='bbox 785 3085 829 3136; x_wconf 84' lang='lat' dir='ltr'><strong>vel</strong></span> <span class='ocrx_word' id='word_1_254' title='bbox 852 3085 977 3152; x_wconf 72' lang='lat' dir='ltr'><strong>privigna</strong></span> 
     </span>
     <span class='ocr_line' id='line_1_32' title="bbox 99 3167 979 3231; baseline -0.009 -5"><span class='ocrx_word' id='word_1_255' title='bbox 99 3173 143 3228; x_wconf 80' lang='lat' dir='ltr'><strong>vel</strong></span> <span class='ocrx_word' id='word_1_256' title='bbox 174 3188 262 3224; x_wconf 76' lang='lat' dir='ltr'><strong>nurui</strong></span> <span class='ocrx_word' id='word_1_257' title='bbox 287 3170 331 3222; x_wconf 82' lang='lat' dir='ltr'><strong>vel</strong></span> <span class='ocrx_word' id='word_1_258' title='bbox 356 3184 451 3222; x_wconf 81' lang='lat' dir='ltr'><strong>eocrnr</strong></span> <span class='ocrx_word' id='word_1_259' title='bbox 479 3178 574 3219; x_wconf 75' lang='lat' dir='ltr'><strong>nostra</strong></span> <span class='ocrx_word' id='word_1_260' title='bbox 597 3167 666 3231; x_wconf 79' lang='lat' dir='ltr'><strong>suit,</strong></span> <span class='ocrx_word' id='word_1_261' title='bbox 691 3183 804 3219; x_wconf 79' lang='lat' dir='ltr'><strong>uxorem</strong></span> <span class='ocrx_word' id='word_1_262' title='bbox 830 3167 931 3219; x_wconf 86' lang='lat' dir='ltr'><strong>ducere</strong></span> <span class='ocrx_word' id='word_1_263' title='bbox 955 3170 979 3202; x_wconf 86' lang='grc'><strong>00</strong></span> 
     </span>
     <span class='ocr_line' id='line_1_33' title="bbox 99 3254 976 3326; baseline -0.008 -15"><span class='ocrx_word' id='word_1_264' title='bbox 99 3275 157 3311; x_wconf 89' lang='lat' dir='ltr'><strong>nun</strong></span> <span class='ocrx_word' id='word_1_265' title='bbox 180 3272 337 3326; x_wconf 81' lang='lat' dir='ltr'><strong>puraumur.</strong></span> <span class='ocrx_word' id='word_1_266' title='bbox 374 3257 434 3323; x_wconf 86' lang='grc'><strong>57.</strong></span> <span class='ocrx_word' id='word_1_267' title='bbox 471 3254 501 3305; x_wconf 87' lang='lat' dir='ltr'><strong>Si</strong></span> <span class='ocrx_word' id='word_1_268' title='bbox 525 3255 589 3322; x_wconf 84' lang='lat' dir='ltr'><strong>quie</strong></span> <span class='ocrx_word' id='word_1_269' title='bbox 612 3270 686 3314; x_wconf 81' lang='lat' dir='ltr'><strong>earn,</strong></span> <span class='ocrx_word' id='word_1_270' title='bbox 711 3269 795 3322; x_wconf 84' lang='lat' dir='ltr'><strong>quum</strong></span> <span class='ocrx_word' id='word_1_271' title='bbox 820 3254 976 3316; x_wconf 88' lang='lat' dir='ltr'><strong>nonlicet,</strong></span> 
     </span>
     <span class='ocr_line' id='line_1_34' title="bbox 100 3337 979 3402; baseline -0.006 -7"><span class='ocrx_word' id='word_1_272' title='bbox 100 3358 214 3396; x_wconf 81' lang='lat' dir='ltr'><strong>uxorem</strong></span> <span class='ocrx_word' id='word_1_273' title='bbox 224 3341 345 3402; x_wconf 71' lang='lat' dir='ltr'><strong>eluxerit,</strong></span> <span class='ocrx_word' id='word_1_274' title='bbox 361 3342 497 3392; x_wconf 73' lang='lat' dir='ltr'><strong>lacertum</strong></span> <span class='ocrx_word' id='word_1_275' title='bbox 510 3339 716 3390; x_wconf 82' lang='lat' dir='ltr'><strong>matrimonium</strong></span> <span class='ocrx_word' id='word_1_276' title='bbox 729 3337 880 3393; x_wconf 80' lang='lat' dir='ltr'><strong>contrahit.</strong></span> <span class='ocrx_word' id='word_1_277' title='bbox 898 3337 979 3390; x_wconf 87' lang='lat' dir='ltr'><strong>ideo·</strong></span> 
     </span>
     <span class='ocr_line' id='line_1_35' title="bbox 100 3422 978 3499; baseline -0.008 -18"><span class='ocrx_word' id='word_1_278' title='bbox 100 3444 156 3499; x_wconf 82' lang='lat' dir='ltr'><strong>que</strong></span> <span class='ocrx_word' id='word_1_279' title='bbox 179 3426 262 3480; x_wconf 87' lang='lat' dir='ltr'><strong>liberi</strong></span> <span class='ocrx_word' id='word_1_280' title='bbox 280 3428 310 3478; x_wconf 88' lang='lat' dir='ltr'><strong>in</strong></span> <span class='ocrx_word' id='word_1_281' title='bbox 328 3433 468 3494; x_wconf 75' lang='lat' dir='ltr'><strong>potestate</strong></span> <span class='ocrx_word' id='word_1_282' title='bbox 486 3427 546 3477; x_wconf 82' lang='lat' dir='ltr'><strong>eine</strong></span> <span class='ocrx_word' id='word_1_283' title='bbox 567 3441 624 3475; x_wconf 89' lang='lat' dir='ltr'><strong>non</strong></span> <span class='ocrx_word' id='word_1_284' title='bbox 641 3424 727 3486; x_wconf 86' lang='lat' dir='ltr'><strong>liunt,</strong></span> <span class='ocrx_word' id='word_1_285' title='bbox 747 3423 795 3476; x_wconf 81' lang='lat' dir='ltr'><strong>red</strong></span> <span class='ocrx_word' id='word_1_286' title='bbox 815 3422 895 3493; x_wconf 81' lang='lat' dir='ltr'><strong>quari</strong></span> <span class='ocrx_word' id='word_1_287' title='bbox 914 3423 978 3475; x_wconf 81' lang='lat' dir='ltr'><strong>vul·</strong></span> 
     </span>
     <span class='ocr_line' id='line_1_36' title="bbox 100 3510 524 3583; baseline -0.005 -18"><span class='ocrx_word' id='word_1_288' title='bbox 100 3530 135 3583; x_wconf 80' lang='lat' dir='ltr'><strong>gu</strong></span> <span class='ocrx_word' id='word_1_289' title='bbox 154 3513 282 3581; x_wconf 85' lang='lat' dir='ltr'><strong>concepti</strong></span> <span class='ocrx_word' id='word_1_290' title='bbox 300 3511 389 3578; x_wconf 80' lang='lat' dir='ltr'><strong>spurii</strong></span> <span class='ocrx_word' id='word_1_291' title='bbox 409 3510 433 3545; x_wconf 85' lang='grc'><strong>00</strong></span> <span class='ocrx_word' id='word_1_292' title='bbox 449 3518 524 3563; x_wconf 81' lang='lat' dir='ltr'><strong>erant.</strong></span> 
     </span>
    </p>

    <p class='ocr_par' dir='ltr' id='par_1_13' title="bbox 152 3594 962 3666">
     <span class='ocr_line' id='line_1_37' title="bbox 152 3594 962 3666; baseline -0.007 -15"><span class='ocrx_word' id='word_1_293' title='bbox 152 3599 175 3666; x_wconf 88' lang='lat'><strong>5.</strong></span> <span class='ocrx_word' id='word_1_294' title='bbox 193 3599 220 3651; x_wconf 89' lang='grc'><strong>8.</strong></span> <span class='ocrx_word' id='word_1_295' title='bbox 240 3597 370 3648; x_wconf 86' lang='lat' dir='ltr'><strong>Conubio</strong></span> <span class='ocrx_word' id='word_1_296' title='bbox 385 3596 586 3646; x_wconf 80' lang='lat' dir='ltr'><strong>interveniente</strong></span> <span class='ocrx_word' id='word_1_297' title='bbox 609 3594 690 3647; x_wconf 85' lang='lat' dir='ltr'><strong>liberi</strong></span> <span class='ocrx_word' id='word_1_298' title='bbox 704 3610 810 3661; x_wconf 85' lang='lat' dir='ltr'><strong>eemper</strong></span> <span class='ocrx_word' id='word_1_299' title='bbox 829 3603 933 3662; x_wconf 88' lang='lat' dir='ltr'><strong>patrem</strong></span> <span class='ocrx_word' id='word_1_300' title='bbox 949 3595 962 3660; x_wconf 74' lang='lat' dir='ltr'>n</span> 
     </span>
    </p>
   </div>
   <div class='ocr_carea' id='block_1_12' title="bbox 10 3679 978 3753">
    <p class='ocr_par' dir='ltr' id='par_1_14' title="bbox 10 3679 978 3753">
     <span class='ocr_line' id='line_1_38' title="bbox 10 3679 978 3753; baseline -0.009 -15"><span class='ocrx_word' id='word_1_301' title='bbox 10 3687 83 3742; x_wconf 60' lang='lat' dir='ltr'><strong>&amp;aa</strong></span> <span class='ocrx_word' id='word_1_302' title='bbox 106 3691 276 3753; x_wconf 69' lang='lat' dir='ltr'><strong>sequuntur:</strong></span> <span class='ocrx_word' id='word_1_303' title='bbox 303 3698 359 3732; x_wconf 89' lang='lat' dir='ltr'><strong>non</strong></span> <span class='ocrx_word' id='word_1_304' title='bbox 386 3682 587 3732; x_wconf 82' lang='lat' dir='ltr'><strong>interveniente</strong></span> <span class='ocrx_word' id='word_1_305' title='bbox 613 3679 734 3730; x_wconf 85' lang='lat' dir='ltr'><strong>conubio</strong></span> <span class='ocrx_word' id='word_1_306' title='bbox 760 3681 855 3730; x_wconf 79' lang='lat' dir='ltr'><strong>mairie</strong></span> <span class='ocrx_word' id='word_1_307' title='bbox 881 3679 978 3731; x_wconf 89' lang='lat' dir='ltr'><strong>eondi-</strong></span> 
     </span>
    </p>
   </div>
   <div class='ocr_carea' id='block_1_13' title="bbox 101 3765 981 4601">
    <p class='ocr_par' dir='ltr' id='par_1_15' title="bbox 101 3765 981 4601">
     <span class='ocr_line' id='line_1_39' title="bbox 101 3765 978 3836; baseline -0.009 -13"><span class='ocrx_word' id='word_1_308' title='bbox 101 3771 175 3823; x_wconf 86' lang='lat' dir='ltr'><strong>tioni</strong></span> <span class='ocrx_word' id='word_1_309' title='bbox 200 3767 350 3829; x_wconf 70' lang='lat' dir='ltr'><strong>eeeednnta</strong></span> <span class='ocrx_word' id='word_1_310' title='bbox 373 3775 489 3836; x_wconf 76' lang='lat' dir='ltr'><strong>excepto</strong></span> <span class='ocrx_word' id='word_1_311' title='bbox 515 3783 566 3826; x_wconf 86' lang='lat' dir='ltr'><strong>eo,</strong></span> <span class='ocrx_word' id='word_1_312' title='bbox 590 3765 639 3834; x_wconf 87' lang='lat' dir='ltr'><strong>qui</strong></span> <span class='ocrx_word' id='word_1_313' title='bbox 664 3780 698 3815; x_wconf 81' lang='lat' dir='ltr'><strong>ex</strong></span> <span class='ocrx_word' id='word_1_314' title='bbox 722 3766 866 3833; x_wconf 79' lang='lat' dir='ltr'><strong>peregrino</strong></span> <span class='ocrx_word' id='word_1_315' title='bbox 891 3774 919 3815; x_wconf 89' lang='lat' dir='ltr'><strong>et</strong></span> <span class='ocrx_word' id='word_1_316' title='bbox 938 3766 978 3816; x_wconf 86' lang='lat' dir='ltr'><strong>ei-</strong></span> 
     </span>
     <span class='ocr_line' id='line_1_40' title="bbox 103 3842 977 3920; baseline -0.008 -12"><span class='ocrx_word' id='word_1_317' title='bbox 103 3870 137 3908; x_wconf 79' lang='lat' dir='ltr'><strong>ve</strong></span> <span class='ocrx_word' id='word_1_318' title='bbox 155 3856 276 3906; x_wconf 78' lang='lat' dir='ltr'><strong>Romana</strong></span> <span class='ocrx_word' id='word_1_319' title='bbox 301 3852 461 3920; x_wconf 71' lang='lat' dir='ltr'><strong>peregrinus</strong></span> <span class='ocrx_word' id='word_1_320' title='bbox 487 3853 625 3911; x_wconf 70' lang='lat' dir='ltr'><strong>nuscitur,</strong></span> <span class='ocrx_word' id='word_1_321' title='bbox 651 3850 783 3918; x_wconf 65' lang='lat' dir='ltr'><strong>(livoniam</strong></span> <span class='ocrx_word' id='word_1_322' title='bbox 808 3850 852 3901; x_wconf 81' lang='lat' dir='ltr'><strong>lex</strong></span> <span class='ocrx_word' id='word_1_323' title='bbox 871 3842 977 3902; x_wconf 71' lang='lat' dir='ltr'><strong>iniuria</strong></span> 
     </span>
     <span class='ocr_line' id='line_1_41' title="bbox 103 3934 978 4006; baseline -0.005 -15"><span class='ocrx_word' id='word_1_324' title='bbox 103 3956 138 3991; x_wconf 80' lang='lat' dir='ltr'><strong>en</strong></span> <span class='ocrx_word' id='word_1_325' title='bbox 153 3940 289 3991; x_wconf 77' lang='lat' dir='ltr'><strong>ulterutro</strong></span> <span class='ocrx_word' id='word_1_326' title='bbox 306 3938 451 4006; x_wconf 80' lang='lat' dir='ltr'><strong>peregrino</strong></span> <span class='ocrx_word' id='word_1_327' title='bbox 470 3944 565 3986; x_wconf 81' lang='lat' dir='ltr'><strong>uatrcm</strong></span> <span class='ocrx_word' id='word_1_328' title='bbox 581 3934 726 3985; x_wconf 75' lang='lat' dir='ltr'><strong>deterioris</strong></span> <span class='ocrx_word' id='word_1_329' title='bbox 741 3936 863 4002; x_wconf 79' lang='lat' dir='ltr'><strong>parentia</strong></span> <span class='ocrx_word' id='word_1_330' title='bbox 880 3936 978 3988; x_wconf 89' lang='lat' dir='ltr'><strong>eondi-</strong></span> 
     </span>
     <span class='ocr_line' id='line_1_42' title="bbox 101 4021 978 4092; baseline -0.005 -15"><span class='ocrx_word' id='word_1_331' title='bbox 101 4027 205 4078; x_wconf 76' lang='lat' dir='ltr'><strong>tionem</strong></span> <span class='ocrx_word' id='word_1_332' title='bbox 224 4025 304 4092; x_wconf 83' lang='lat' dir='ltr'><strong>requi</strong></span> <span class='ocrx_word' id='word_1_333' title='bbox 324 4022 410 4073; x_wconf 77' lang='lat' dir='ltr'><strong>iubet.</strong></span> <span class='ocrx_word' id='word_1_334' title='bbox 447 4023 473 4089; x_wconf 80' lang='lat'><strong>5.</strong></span> <span class='ocrx_word' id='word_1_335' title='bbox 493 4023 519 4077; x_wconf 79' lang='lat'><strong>9.</strong></span> <span class='ocrx_word' id='word_1_336' title='bbox 556 4021 596 4071; x_wconf 83' lang='lat' dir='ltr'><strong>Ex</strong></span> <span class='ocrx_word' id='word_1_337' title='bbox 614 4022 672 4071; x_wconf 80' lang='lat' dir='ltr'><strong>cire</strong></span> <span class='ocrx_word' id='word_1_338' title='bbox 692 4022 814 4072; x_wconf 79' lang='lat' dir='ltr'><strong>ltornauo</strong></span> <span class='ocrx_word' id='word_1_339' title='bbox 833 4028 861 4073; x_wconf 91' lang='lat' dir='ltr'><strong>et</strong></span> <span class='ocrx_word' id='word_1_340' title='bbox 880 4021 978 4073; x_wconf 82' lang='lat' dir='ltr'><strong>Latina</strong></span> 
     </span>
     <span class='ocr_line' id='line_1_43' title="bbox 101 4105 978 4172; baseline -0.005 -10"><span class='ocrx_word' id='word_1_341' title='bbox 101 4110 218 4165; x_wconf 72' lang='lat' dir='ltr'><strong>nattam</strong></span> <span class='ocrx_word' id='word_1_342' title='bbox 250 4109 400 4170; x_wconf 78' lang='lat' dir='ltr'><strong>araacitur,</strong></span> <span class='ocrx_word' id='word_1_343' title='bbox 427 4115 455 4157; x_wconf 91' lang='lat' dir='ltr'><strong>et</strong></span> <span class='ocrx_word' id='word_1_344' title='bbox 480 4123 513 4157; x_wconf 83' lang='lat' dir='ltr'><strong>ex</strong></span> <span class='ocrx_word' id='word_1_345' title='bbox 546 4105 635 4156; x_wconf 83' lang='lat' dir='ltr'><strong>libero</strong></span> <span class='ocrx_word' id='word_1_346' title='bbox 662 4113 692 4156; x_wconf 89' lang='lat' dir='ltr'><strong>et</strong></span> <span class='ocrx_word' id='word_1_347' title='bbox 724 4107 825 4156; x_wconf 82' lang='lat' dir='ltr'><strong>ancilla</strong></span> <span class='ocrx_word' id='word_1_348' title='bbox 860 4122 978 4172; x_wconf 62' lang='lat' dir='ltr'><strong>aerium</strong></span> 
     </span>
     <span class='ocr_line' id='line_1_44' title="bbox 102 4189 979 4266; baseline -0.005 -19"><span class='ocrx_word' id='word_1_349' title='bbox 102 4196 250 4266; x_wconf 80' lang='lat' dir='ltr'><strong>quoniam,</strong></span> <span class='ocrx_word' id='word_1_350' title='bbox 275 4210 338 4244; x_wconf 86' lang='lat' dir='ltr'><strong>cum</strong></span> <span class='ocrx_word' id='word_1_351' title='bbox 362 4190 406 4242; x_wconf 80' lang='lat' dir='ltr'><strong>lrir</strong></span> <span class='ocrx_word' id='word_1_352' title='bbox 433 4191 542 4242; x_wconf 77' lang='lat' dir='ltr'><strong>caribus</strong></span> <span class='ocrx_word' id='word_1_353' title='bbox 567 4189 688 4240; x_wconf 81' lang='lat' dir='ltr'><strong>eonirbia</strong></span> <span class='ocrx_word' id='word_1_354' title='bbox 712 4206 768 4241; x_wconf 89' lang='lat' dir='ltr'><strong>uon</strong></span> <span class='ocrx_word' id='word_1_355' title='bbox 793 4192 862 4251; x_wconf 80' lang='lat' dir='ltr'><strong>aiut,</strong></span> <span class='ocrx_word' id='word_1_356' title='bbox 883 4201 979 4259; x_wconf 79' lang='lat' dir='ltr'><strong>partae</strong></span> 
     </span>
     <span class='ocr_line' id='line_1_45' title="bbox 102 4275 980 4348; baseline -0.006 -16"><span class='ocrx_word' id='word_1_357' title='bbox 102 4281 233 4348; x_wconf 81' lang='lat' dir='ltr'><strong>requitur</strong></span> <span class='ocrx_word' id='word_1_358' title='bbox 250 4287 373 4331; x_wconf 86' lang='lat' dir='ltr'><strong>matrem.</strong></span> <span class='ocrx_word' id='word_1_359' title='bbox 394 4279 474 4344; x_wconf 75' lang='grc'><strong>510.</strong></span> <span class='ocrx_word' id='word_1_360' title='bbox 494 4278 525 4326; x_wconf 89' lang='lat' dir='ltr'><strong>lu</strong></span> <span class='ocrx_word' id='word_1_361' title='bbox 544 4275 595 4336; x_wconf 78' lang='lat' dir='ltr'><strong>nu,</strong></span> <span class='ocrx_word' id='word_1_362' title='bbox 615 4276 665 4343; x_wconf 88' lang='lat' dir='ltr'><strong>qui</strong></span> <span class='ocrx_word' id='word_1_363' title='bbox 683 4277 744 4326; x_wconf 87' lang='lat' dir='ltr'><strong>iure</strong></span> <span class='ocrx_word' id='word_1_364' title='bbox 763 4284 907 4327; x_wconf 82' lang='lat' dir='ltr'><strong>contracto</strong></span> <span class='ocrx_word' id='word_1_365' title='bbox 921 4295 980 4329; x_wconf 85' lang='lat' dir='ltr'><strong>rua·</strong></span> 
     </span>
     <span class='ocr_line' id='line_1_46' title="bbox 102 4362 981 4429; baseline -0.007 -12"><span class='ocrx_word' id='word_1_366' title='bbox 102 4365 234 4417; x_wconf 84' lang='lat' dir='ltr'><strong>trimonlo</strong></span> <span class='ocrx_word' id='word_1_367' title='bbox 252 4370 422 4426; x_wconf 79' lang='lat' dir='ltr'><strong>naseuntur,</strong></span> <span class='ocrx_word' id='word_1_368' title='bbox 443 4362 632 4429; x_wconf 71' lang='lat' dir='ltr'><strong>conceptioni·</strong></span> <span class='ocrx_word' id='word_1_369' title='bbox 653 4370 762 4427; x_wconf 77' lang='lat' dir='ltr'><strong>ternpus</strong></span> <span class='ocrx_word' id='word_1_370' title='bbox 778 4369 920 4429; x_wconf 70' lang='lat' dir='ltr'><strong>spectatur</strong></span> <span class='ocrx_word' id='word_1_371' title='bbox 945 4365 981 4426; x_wconf 78' lang='lat'><strong>”3</strong></span> 
     </span>
     <span class='ocr_line' id='line_1_47' title="bbox 103 4446 980 4515; baseline -0.005 -13"><span class='ocrx_word' id='word_1_372' title='bbox 103 4452 133 4503; x_wconf 84' lang='lat' dir='ltr'><strong>in</strong></span> <span class='ocrx_word' id='word_1_373' title='bbox 149 4449 192 4502; x_wconf 72' lang='lat' dir='ltr'><strong>tn·</strong></span> <span class='ocrx_word' id='word_1_374' title='bbox 205 4459 308 4509; x_wconf 86' lang='lat' dir='ltr'><strong>antem,</strong></span> <span class='ocrx_word' id='word_1_375' title='bbox 325 4451 375 4515; x_wconf 81' lang='lat' dir='ltr'><strong>qui</strong></span> <span class='ocrx_word' id='word_1_376' title='bbox 394 4464 449 4499; x_wconf 89' lang='lat' dir='ltr'><strong>uon</strong></span> <span class='ocrx_word' id='word_1_377' title='bbox 469 4448 588 4515; x_wconf 76' lang='lat' dir='ltr'><strong>legitime</strong></span> <span class='ocrx_word' id='word_1_378' title='bbox 604 4447 814 4514; x_wconf 81' lang='lat' dir='ltr'><strong>concipiuntur,</strong></span> <span class='ocrx_word' id='word_1_379' title='bbox 834 4446 980 4502; x_wconf 77' lang='lat' dir='ltr'><strong>editiuuir:</strong></span> 
     </span>
     <span class='ocr_line' id='line_1_48' title="bbox 103 4530 981 4601; baseline -0.008 -12"><span class='ocrx_word' id='word_1_380' title='bbox 103 4535 191 4589; x_wconf 74' lang='lat' dir='ltr'><strong>veluti</strong></span> <span class='ocrx_word' id='word_1_381' title='bbox 204 4536 226 4587; x_wconf 76' lang='lat' dir='ltr'><strong>el</strong></span> <span class='ocrx_word' id='word_1_382' title='bbox 241 4537 341 4585; x_wconf 88' lang='lat' dir='ltr'><strong>ancilla</strong></span> <span class='ocrx_word' id='word_1_383' title='bbox 356 4535 522 4601; x_wconf 78' lang='lat' dir='ltr'><strong>conceperit,</strong></span> <span class='ocrx_word' id='word_1_384' title='bbox 537 4530 636 4582; x_wconf 87' lang='lat' dir='ltr'><strong>deiude</strong></span> <span class='ocrx_word' id='word_1_385' title='bbox 652 4531 818 4582; x_wconf 73' lang='lat' dir='ltr'><strong>munumina</strong></span> <span class='ocrx_word' id='word_1_386' title='bbox 830 4533 932 4600; x_wconf 82' lang='lat' dir='ltr'><strong>pariet,</strong></span> <span class='ocrx_word' id='word_1_387' title='bbox 946 4533 981 4583; x_wconf 87' lang='lat' dir='ltr'><strong>li·</strong></span> 
     </span>
    </p>
   </div>
   <div class='ocr_carea' id='block_1_14' title="bbox 97 4781 987 5739">
    <p class='ocr_par' dir='ltr' id='par_1_16' title="bbox 97 4781 986 5590">
     <span class='ocr_line' id='line_1_49' title="bbox 103 4781 986 4921; baseline -0.002 -19"><span class='ocrx_word' id='word_1_388' title='bbox 103 4781 261 4921; x_wconf 26' lang='lat' dir='ltr'><strong>[magidi.</strong></span> <span class='ocrx_word' id='word_1_389' title='bbox 271 4784 399 4915; x_wconf 43' lang='grc'><strong>13151800)</strong></span> <span class='ocrx_word' id='word_1_390' title='bbox 424 4849 465 4899; x_wconf 79' lang='lat' dir='ltr'><strong>lta</strong></span> <span class='ocrx_word' id='word_1_391' title='bbox 499 4847 543 4910; x_wconf 62' lang='grc' dir='ltr'><strong>(λς</strong></span> <span class='ocrx_word' id='word_1_392' title='bbox 580 4847 614 4900; x_wconf 87' lang='lat' dir='ltr'><strong>li.</strong></span> <span class='ocrx_word' id='word_1_393' title='bbox 644 4851 709 4899; x_wconf 72' lang='grc' dir='ltr'><strong>εἰπε.</strong></span> <span class='ocrx_word' id='word_1_394' title='bbox 746 4847 781 4915; x_wconf 71' lang='grc'><strong>00)</strong></span> <span class='ocrx_word' id='word_1_395' title='bbox 806 4846 986 4918; x_wconf 73' lang='lat' dir='ltr'><strong>schillingiur</strong></span> 
     </span>
     <span class='ocr_line' id='line_1_50' title="bbox 105 4916 986 4986; baseline -0.005 -15"><span class='ocrx_word' id='word_1_396' title='bbox 105 4920 184 4986; x_wconf 79' lang='lat' dir='ltr'><strong>(dier.</strong></span> <span class='ocrx_word' id='word_1_397' title='bbox 206 4920 279 4984; x_wconf 85' lang='lat' dir='ltr'><strong>erit.)</strong></span> <span class='ocrx_word' id='word_1_398' title='bbox 296 4935 329 4969; x_wconf 82' lang='lat' dir='ltr'><strong>rr</strong></span> <span class='ocrx_word' id='word_1_399' title='bbox 348 4918 422 4971; x_wconf 83' lang='lat' dir='ltr'><strong>can.</strong></span> <span class='ocrx_word' id='word_1_400' title='bbox 444 4917 490 4967; x_wconf 82' lang='lat' dir='ltr'><strong>vt.</strong></span> <span class='ocrx_word' id='word_1_401' title='bbox 511 4921 538 4969; x_wconf 75' lang='lat'><strong>2.</strong></span> <span class='ocrx_word' id='word_1_402' title='bbox 563 4917 645 4967; x_wconf 77' lang='lat' dir='ltr'><strong>inseri</strong></span> <span class='ocrx_word' id='word_1_403' title='bbox 660 4918 734 4968; x_wconf 87' lang='lat' dir='ltr'><strong>vult:</strong></span> <span class='ocrx_word' id='word_1_404' title='bbox 753 4920 818 4968; x_wconf 81' lang='lat' dir='ltr'><strong>rint.</strong></span> <span class='ocrx_word' id='word_1_405' title='bbox 840 4916 874 4979; x_wconf 87' lang='grc'><strong>00)</strong></span> <span class='ocrx_word' id='word_1_406' title='bbox 894 4917 923 4966; x_wconf 85' lang='lat' dir='ltr'><strong>C.</strong></span> <span class='ocrx_word' id='word_1_407' title='bbox 940 4930 986 4967; x_wconf 84' lang='lat' dir='ltr'><strong>ta·</strong></span> 
     </span>
     <span class='ocr_line' id='line_1_51' title="bbox 106 4983 984 5054; baseline -0.007 -11"><span class='ocrx_word' id='word_1_408' title='bbox 106 5008 178 5043; x_wconf 67' lang='lat' dir='ltr'><strong>neri.</strong></span> <span class='ocrx_word' id='word_1_409' title='bbox 198 4988 253 5054; x_wconf 73' lang='lat' dir='ltr'><strong>[Cf.</strong></span> <span class='ocrx_word' id='word_1_410' title='bbox 275 4987 346 5042; x_wconf 81' lang='lat' dir='ltr'><strong>call.</strong></span> <span class='ocrx_word' id='word_1_411' title='bbox 365 4987 385 5040; x_wconf 90' lang='lat' dir='ltr'><strong>l.</strong></span> <span class='ocrx_word' id='word_1_412' title='bbox 405 4989 440 5050; x_wconf 75' lang='lat' dir='ltr'><strong>u]</strong></span> <span class='ocrx_word' id='word_1_413' title='bbox 462 4987 495 5052; x_wconf 83' lang='grc'><strong>00)</strong></span> <span class='ocrx_word' id='word_1_414' title='bbox 511 4984 569 5035; x_wconf 91' lang='lat' dir='ltr'><strong>Cui.</strong></span> <span class='ocrx_word' id='word_1_415' title='bbox 584 4983 690 5037; x_wconf 80' lang='lat' dir='ltr'><strong>Schult.</strong></span> <span class='ocrx_word' id='word_1_416' title='bbox 706 4985 800 5036; x_wconf 80' lang='lat' dir='ltr'><strong>Seliill.</strong></span> <span class='ocrx_word' id='word_1_417' title='bbox 818 4984 858 5037; x_wconf 80' lang='lat' dir='ltr'><strong>cf.</strong></span> <span class='ocrx_word' id='word_1_418' title='bbox 877 4984 947 5036; x_wconf 85' lang='lat' dir='ltr'><strong>Coll.</strong></span> <span class='ocrx_word' id='word_1_419' title='bbox 966 4987 984 5037; x_wconf 89' lang='lat' dir='ltr'><strong>l.</strong></span> 
     </span>
     <span class='ocr_line' id='line_1_52' title="bbox 107 5052 984 5124; baseline -0.006 -14"><span class='ocrx_word' id='word_1_420' title='bbox 107 5074 147 5122; x_wconf 68' lang='grc' dir='ltr'><strong>α)</strong></span> <span class='ocrx_word' id='word_1_421' title='bbox 165 5055 196 5109; x_wconf 82' lang='lat' dir='ltr'><strong>C.</strong></span> <span class='ocrx_word' id='word_1_422' title='bbox 217 5056 248 5108; x_wconf 84' lang='lat' dir='ltr'><strong>tl.</strong></span> <span class='ocrx_word' id='word_1_423' title='bbox 267 5059 313 5106; x_wconf 79' lang='lat' dir='ltr'><strong>rit.</strong></span> <span class='ocrx_word' id='word_1_424' title='bbox 332 5057 367 5121; x_wconf 87' lang='grc'><strong>00)</strong></span> <span class='ocrx_word' id='word_1_425' title='bbox 383 5054 421 5106; x_wconf 81' lang='lat' dir='ltr'><strong>Ci</strong></span> <span class='ocrx_word' id='word_1_426' title='bbox 443 5053 514 5108; x_wconf 77' lang='lat' dir='ltr'><strong>Coli</strong></span> <span class='ocrx_word' id='word_1_427' title='bbox 535 5054 551 5102; x_wconf 93' lang='grc' dir='ltr'><strong>Ι.</strong></span> <span class='ocrx_word' id='word_1_428' title='bbox 570 5070 592 5103; x_wconf 87' lang='lat' dir='ltr'><strong>e.</strong></span> <span class='ocrx_word' id='word_1_429' title='bbox 611 5061 640 5104; x_wconf 91' lang='lat' dir='ltr'><strong>et</strong></span> <span class='ocrx_word' id='word_1_430' title='bbox 656 5054 717 5105; x_wconf 78' lang='lat' dir='ltr'><strong>Gai.</strong></span> <span class='ocrx_word' id='word_1_431' title='bbox 734 5056 754 5104; x_wconf 88' lang='grc' dir='ltr'><strong>Ι.</strong></span> <span class='ocrx_word' id='word_1_432' title='bbox 772 5053 815 5105; x_wconf 79' lang='grc'><strong>63.</strong></span> <span class='ocrx_word' id='word_1_433' title='bbox 833 5053 863 5104; x_wconf 84' lang='lat' dir='ltr'><strong>C.</strong></span> <span class='ocrx_word' id='word_1_434' title='bbox 878 5052 984 5124; x_wconf 76' lang='lat' dir='ltr'><strong>eadeiq:</strong></span> 
     </span>
     <span class='ocr_line' id='line_1_53' title="bbox 105 5120 985 5190; baseline -0.006 -12"><span class='ocrx_word' id='word_1_435' title='bbox 105 5142 207 5183; x_wconf 71' lang='lat' dir='ltr'><strong>uem.</strong></span> <span class='ocrx_word' id='word_1_436' title='bbox 226 5142 291 5176; x_wconf 80' lang='lat' dir='ltr'><strong>nov.</strong></span> <span class='ocrx_word' id='word_1_437' title='bbox 305 5158 314 5177; x_wconf 89' lang='lat'><strong>.</strong></span> <span class='ocrx_word' id='word_1_438' title='bbox 329 5159 337 5176; x_wconf 86' lang='lat'><strong>.</strong></span> <span class='ocrx_word' id='word_1_439' title='bbox 353 5160 361 5176; x_wconf 92' lang='lat'><strong>.</strong></span> <span class='ocrx_word' id='word_1_440' title='bbox 370 5124 438 5188; x_wconf 80' lang='lat' dir='ltr'><strong>Jieit</strong></span> <span class='ocrx_word' id='word_1_441' title='bbox 454 5120 564 5172; x_wconf 74' lang='lat' dir='ltr'><strong>din-eru.</strong></span> <span class='ocrx_word' id='word_1_442' title='bbox 576 5121 681 5173; x_wconf 80' lang='lat' dir='ltr'><strong>Sclndt.</strong></span> <span class='ocrx_word' id='word_1_443' title='bbox 699 5123 770 5173; x_wconf 77' lang='lat' dir='ltr'><strong>Earn</strong></span> <span class='ocrx_word' id='word_1_444' title='bbox 785 5138 857 5190; x_wconf 74' lang='lat' dir='ltr'><strong>pune</strong></span> <span class='ocrx_word' id='word_1_445' title='bbox 869 5138 985 5176; x_wconf 75' lang='lat' dir='ltr'><strong>non...</strong></span> 
     </span>
     <span class='ocr_line' id='line_1_54' title="bbox 97 5190 984 5264; baseline -0.007 -17"><span class='ocrx_word' id='word_1_446' title='bbox 97 5193 177 5264; x_wconf 75' lang='lat' dir='ltr'><strong>suit,</strong></span> <span class='ocrx_word' id='word_1_447' title='bbox 194 5210 313 5244; x_wconf 77' lang='lat' dir='ltr'><strong>uxorem</strong></span> <span class='ocrx_word' id='word_1_448' title='bbox 323 5190 433 5241; x_wconf 75' lang='lat' dir='ltr'><strong>‹lere-ere.</strong></span> <span class='ocrx_word' id='word_1_449' title='bbox 454 5190 485 5239; x_wconf 95' lang='lat' dir='ltr'><strong>ll.</strong></span> <span class='ocrx_word' id='word_1_450' title='bbox 501 5191 623 5241; x_wconf 71' lang='lat' dir='ltr'><strong>Uxorem</strong></span> <span class='ocrx_word' id='word_1_451' title='bbox 634 5208 705 5247; x_wconf 71' lang='lat' dir='ltr'><strong>eirea,</strong></span> <span class='ocrx_word' id='word_1_452' title='bbox 715 5208 788 5259; x_wconf 75' lang='lat' dir='ltr'><strong>quae</strong></span> <span class='ocrx_word' id='word_1_453' title='bbox 798 5209 864 5243; x_wconf 78' lang='lat' dir='ltr'><strong>recu.</strong></span> <span class='ocrx_word' id='word_1_454' title='bbox 873 5226 894 5239; x_wconf 85' lang='grc'><strong>..</strong></span> <span class='ocrx_word' id='word_1_455' title='bbox 905 5192 984 5257; x_wconf 79' lang='lat' dir='ltr'><strong>jieit,</strong></span> 
     </span>
     <span class='ocr_line' id='line_1_55' title="bbox 105 5257 983 5327; baseline -0.006 -13"><span class='ocrx_word' id='word_1_456' title='bbox 105 5261 218 5314; x_wconf 79' lang='lat' dir='ltr'><strong>ducere.</strong></span> <span class='ocrx_word' id='word_1_457' title='bbox 228 5258 372 5327; x_wconf 79' lang='lat' dir='ltr'><strong>Schilling.</strong></span> <span class='ocrx_word' id='word_1_458' title='bbox 385 5259 461 5324; x_wconf 76' lang='lat' dir='ltr'><strong>(dien</strong></span> <span class='ocrx_word' id='word_1_459' title='bbox 474 5257 547 5326; x_wconf 77' lang='lat' dir='ltr'><strong>crit)</strong></span> <span class='ocrx_word' id='word_1_460' title='bbox 559 5257 660 5325; x_wconf 83' lang='lat' dir='ltr'><strong>probat</strong></span> <span class='ocrx_word' id='word_1_461' title='bbox 672 5258 818 5311; x_wconf 82' lang='lat' dir='ltr'><strong>liotoinaui</strong></span> <span class='ocrx_word' id='word_1_462' title='bbox 829 5259 983 5321; x_wconf 85' lang='lat' dir='ltr'><strong>lectionem,</strong></span> 
     </span>
     <span class='ocr_line' id='line_1_56' title="bbox 106 5324 983 5402; baseline -0.002 -22"><span class='ocrx_word' id='word_1_463' title='bbox 106 5346 191 5402; x_wconf 76' lang='lat' dir='ltr'><strong>quem</strong></span> <span class='ocrx_word' id='word_1_464' title='bbox 198 5343 263 5380; x_wconf 78' lang='lat' dir='ltr'><strong>ecce</strong></span> <span class='ocrx_word' id='word_1_465' title='bbox 284 5328 364 5389; x_wconf 81' lang='lat' dir='ltr'><strong>imur,</strong></span> <span class='ocrx_word' id='word_1_466' title='bbox 373 5327 421 5379; x_wconf 78' lang='lat' dir='ltr'><strong>sed</strong></span> <span class='ocrx_word' id='word_1_467' title='bbox 429 5335 520 5378; x_wconf 86' lang='lat' dir='ltr'><strong>tamen</strong></span> <span class='ocrx_word' id='word_1_468' title='bbox 530 5327 647 5377; x_wconf 81' lang='lat' dir='ltr'><strong>inaruit:</strong></span> <span class='ocrx_word' id='word_1_469' title='bbox 656 5324 775 5377; x_wconf 78' lang='lat' dir='ltr'><strong>euredem</strong></span> <span class='ocrx_word' id='word_1_470' title='bbox 784 5342 866 5396; x_wconf 62' lang='lat' dir='ltr'><strong>ejicere.</strong></span> <span class='ocrx_word' id='word_1_471' title='bbox 873 5364 892 5377; x_wconf 94' lang='lat'><strong>..</strong></span> <span class='ocrx_word' id='word_1_472' title='bbox 912 5328 946 5382; x_wconf 78' lang='grc'><strong>00)</strong></span> <span class='ocrx_word' id='word_1_473' title='bbox 954 5327 983 5378; x_wconf 85' lang='lat' dir='ltr'><strong>C.</strong></span> 
     </span>
     <span class='ocr_line' id='line_1_57' title="bbox 106 5346 986 5468; baseline -0.01 -16"><span class='ocrx_word' id='word_1_474' title='bbox 106 5398 211 5468; x_wconf 52' lang='lat' dir='ltr'><strong>spinei.</strong></span> <span class='ocrx_word' id='word_1_475' title='bbox 230 5346 325 5449; x_wconf 68' lang='lat' dir='ltr'><strong>scitii.</strong></span> <span class='ocrx_word' id='word_1_476' title='bbox 346 5414 394 5465; x_wconf 90' lang='lat' dir='ltr'><strong>pro</strong></span> <span class='ocrx_word' id='word_1_477' title='bbox 417 5413 454 5445; x_wconf 74' lang='lat' dir='ltr'><strong>os.</strong></span> <span class='ocrx_word' id='word_1_478' title='bbox 473 5399 534 5445; x_wconf 81' lang='lat' dir='ltr'><strong>sine</strong></span> <span class='ocrx_word' id='word_1_479' title='bbox 551 5406 635 5462; x_wconf 57' lang='lat' dir='ltr'><strong>&#39;intre</strong></span> <span class='ocrx_word' id='word_1_480' title='bbox 653 5394 692 5459; x_wconf 73' lang='lat' dir='ltr'><strong>(S.</strong></span> <span class='ocrx_word' id='word_1_481' title='bbox 710 5395 759 5459; x_wconf 76' lang='grc' dir='ltr'><strong>Ρ.)</strong></span> <span class='ocrx_word' id='word_1_482' title='bbox 797 5396 834 5461; x_wconf 79' lang='grc'><strong>00)</strong></span> <span class='ocrx_word' id='word_1_483' title='bbox 858 5394 887 5447; x_wconf 88' lang='lat' dir='ltr'><strong>C.</strong></span> <span class='ocrx_word' id='word_1_484' title='bbox 915 5408 986 5447; x_wconf 84' lang='lat' dir='ltr'><strong>tem·</strong></span> 
     </span>
     <span class='ocr_line' id='line_1_58' title="bbox 106 5415 986 5590; baseline -0.002 -73"><span class='ocrx_word' id='word_1_485' title='bbox 106 5477 373 5590; x_wconf 53' lang='lat' dir='ltr'><strong>pieffixcfiptatur.</strong></span> <span class='ocrx_word' id='word_1_486' title='bbox 393 5415 498 5534; x_wconf 58' lang='lat' dir='ltr'><strong>fiebili.</strong></span> <span class='ocrx_word' id='word_1_487' title='bbox 522 5474 708 5532; x_wconf 76' lang='lat' dir='ltr'><strong>expectatur,</strong></span> <span class='ocrx_word' id='word_1_488' title='bbox 735 5462 811 5532; x_wconf 71' lang='lat' dir='ltr'><strong>quand</strong></span> <span class='ocrx_word' id='word_1_489' title='bbox 840 5463 986 5533; x_wconf 81' lang='lat' dir='ltr'><strong>probabile</strong></span> 
     </span>
    </p>

    <p class='ocr_par' dir='ltr' id='par_1_17' title="bbox 108 5534 987 5739">
     <span class='ocr_line' id='line_1_59' title="bbox 142 5534 987 5670; baseline -0.006 -15"><span class='ocrx_word' id='word_1_490' title='bbox 142 5602 219 5670; x_wconf 70' lang='grc' dir='ltr'><strong>Ι)(ἶ.</strong></span> <span class='ocrx_word' id='word_1_491' title='bbox 237 5534 352 5655; x_wconf 56' lang='lat' dir='ltr'><strong>etgddd.</strong></span> <span class='ocrx_word' id='word_1_492' title='bbox 371 5603 528 5654; x_wconf 76' lang='lat' dir='ltr'><strong>institutus.</strong></span> <span class='ocrx_word' id='word_1_493' title='bbox 548 5596 726 5665; x_wconf 67' lang='lat' dir='ltr'><strong>Schiliinssiue</strong></span> <span class='ocrx_word' id='word_1_494' title='bbox 743 5600 877 5667; x_wconf 72' lang='lat' dir='ltr'><strong>nugaciter</strong></span> <span class='ocrx_word' id='word_1_495' title='bbox 891 5617 987 5653; x_wconf 82' lang='lat' dir='ltr'><strong>rerum</strong></span> 
     </span>
     <span class='ocr_line' id='line_1_60' title="bbox 108 5668 985 5739; baseline -0.007 -12"><span class='ocrx_word' id='word_1_496' title='bbox 108 5668 196 5727; x_wconf 76' lang='lat' dir='ltr'><strong>vidit:</strong></span> <span class='ocrx_word' id='word_1_497' title='bbox 215 5668 345 5724; x_wconf 83' lang='lat' dir='ltr'><strong>librariua</strong></span> <span class='ocrx_word' id='word_1_498' title='bbox 364 5672 437 5724; x_wconf 86' lang='lat' dir='ltr'><strong>enim</strong></span> <span class='ocrx_word' id='word_1_499' title='bbox 453 5677 546 5722; x_wconf 90' lang='lat' dir='ltr'><strong>notam</strong></span> <span class='ocrx_word' id='word_1_500' title='bbox 562 5669 596 5721; x_wconf 69' lang='lat' dir='ltr'><strong>ir</strong></span> <span class='ocrx_word' id='word_1_501' title='bbox 613 5682 757 5739; x_wconf 77' lang='lat' dir='ltr'><strong>perperam</strong></span> <span class='ocrx_word' id='word_1_502' title='bbox 769 5668 915 5723; x_wconf 75' lang='lat' dir='ltr'><strong>intellexit.</strong></span> <span class='ocrx_word' id='word_1_503' title='bbox 947 5668 985 5736; x_wconf 85' lang='grc'><strong>00)</strong></span> 
     </span>
    </p>
   </div>
   <div class='ocr_carea' id='block_1_15' title="bbox 1020 630 1871 700">
    <p class='ocr_par' dir='ltr' id='par_1_18' title="bbox 1020 630 1871 700">
     <span class='ocr_line' id='line_1_61' title="bbox 1020 630 1871 700; baseline -0.005 -16"><span class='ocrx_word' id='word_1_504' title='bbox 1020 633 1150 685; x_wconf 71' lang='lat' dir='ltr'><strong>editionis</strong></span> <span class='ocrx_word' id='word_1_505' title='bbox 1170 640 1294 700; x_wconf 87' lang='lat' dir='ltr'><strong>tempore</strong></span> <span class='ocrx_word' id='word_1_506' title='bbox 1312 631 1400 683; x_wconf 80' lang='lat' dir='ltr'><strong>libere</strong></span> <span class='ocrx_word' id='word_1_507' title='bbox 1418 634 1467 694; x_wconf 82' lang='lat' dir='ltr'><strong>ait,</strong></span> <span class='ocrx_word' id='word_1_508' title='bbox 1487 639 1583 699; x_wconf 76' lang='lat' dir='ltr'><strong>partus</strong></span> <span class='ocrx_word' id='word_1_509' title='bbox 1601 648 1715 700; x_wconf 89' lang='lat' dir='ltr'><strong>quoque</strong></span> <span class='ocrx_word' id='word_1_510' title='bbox 1734 630 1804 682; x_wconf 89' lang='lat' dir='ltr'><strong>iiber</strong></span> <span class='ocrx_word' id='word_1_511' title='bbox 1823 638 1871 681; x_wconf 76' lang='lat' dir='ltr'><strong>eit.</strong></span> 
     </span>
    </p>
   </div>
   <div class='ocr_carea' id='block_1_16' title="bbox 1241 772 1666 817">
    <p class='ocr_par' dir='ltr' id='par_1_19' title="bbox 1241 772 1666 817">
     <span class='ocr_line' id='line_1_62' title="bbox 1241 772 1666 817; baseline -0.005 0"><span class='ocrx_word' id='word_1_512' title='bbox 1241 774 1305 817; x_wconf 70' lang='lat' dir='ltr'><strong>utu.</strong></span> <span class='ocrx_word' id='word_1_513' title='bbox 1352 775 1397 817; x_wconf 82' lang='lat' dir='ltr'><strong>vl.</strong></span> <span class='ocrx_word' id='word_1_514' title='bbox 1451 774 1494 814; x_wconf 74' lang='lat' dir='ltr'><strong>nn</strong></span> <span class='ocrx_word' id='word_1_515' title='bbox 1520 772 1666 815; x_wconf 66' lang='lat' dir='ltr'><strong>noviens·</strong></span> 
     </span>
    </p>
   </div>
   <div class='ocr_carea' id='block_1_17' title="bbox 1075 869 1895 940">
    <p class='ocr_par' dir='ltr' id='par_1_20' title="bbox 1075 869 1895 940">
     <span class='ocr_line' id='line_1_63' title="bbox 1075 869 1895 940; baseline -0.004 -13"><span class='ocrx_word' id='word_1_516' title='bbox 1075 873 1098 940; x_wconf 83' lang='grc'><strong>5.</strong></span> <span class='ocrx_word' id='word_1_517' title='bbox 1118 876 1142 927; x_wconf 85' lang='lat' dir='ltr'><strong>l.</strong></span> <span class='ocrx_word' id='word_1_518' title='bbox 1178 872 1236 925; x_wconf 80' lang='lat' dir='ltr'><strong>Dor</strong></span> <span class='ocrx_word' id='word_1_519' title='bbox 1255 879 1305 923; x_wconf 85' lang='lat' dir='ltr'><strong>aut</strong></span> <span class='ocrx_word' id='word_1_520' title='bbox 1323 870 1422 934; x_wconf 89' lang='lat' dir='ltr'><strong>datur,</strong></span> <span class='ocrx_word' id='word_1_521' title='bbox 1442 879 1492 920; x_wconf 92' lang='lat' dir='ltr'><strong>aut</strong></span> <span class='ocrx_word' id='word_1_522' title='bbox 1510 869 1627 932; x_wconf 89' lang='lat' dir='ltr'><strong>dieitur,</strong></span> <span class='ocrx_word' id='word_1_523' title='bbox 1645 877 1695 921; x_wconf 88' lang='lat' dir='ltr'><strong>ant</strong></span> <span class='ocrx_word' id='word_1_524' title='bbox 1712 870 1895 939; x_wconf 83' lang='lat' dir='ltr'><strong>promittitur.</strong></span> 
     </span>
    </p>
   </div>
   <div class='ocr_carea' id='block_1_18' title="bbox 951 955 1896 1025">
    <p class='ocr_par' dir='ltr' id='par_1_21' title="bbox 951 955 1896 1025">
     <span class='ocr_line' id='line_1_64' title="bbox 951 955 1896 1025; baseline 0.002 -20"><span class='ocrx_word' id='word_1_525' title='bbox 951 998 965 1021; x_wconf 39' lang='grc'><strong>.,</strong></span> <span class='ocrx_word' id='word_1_526' title='bbox 1023 958 1046 1024; x_wconf 87' lang='grc'><strong>5.</strong></span> <span class='ocrx_word' id='word_1_527' title='bbox 1069 960 1094 1011; x_wconf 80' lang='lat'><em>2</em></span> <span class='ocrx_word' id='word_1_528' title='bbox 1131 957 1231 1008; x_wconf 86' lang='lat' dir='ltr'><strong>Dotem</strong></span> <span class='ocrx_word' id='word_1_529' title='bbox 1249 955 1341 1009; x_wconf 86' lang='lat' dir='ltr'><strong>dicere</strong></span> <span class='ocrx_word' id='word_1_530' title='bbox 1360 963 1454 1025; x_wconf 74' lang='lat' dir='ltr'><strong>potest</strong></span> <span class='ocrx_word' id='word_1_531' title='bbox 1470 956 1584 1016; x_wconf 87' lang='lat' dir='ltr'><strong>mulier,</strong></span> <span class='ocrx_word' id='word_1_532' title='bbox 1604 972 1678 1023; x_wconf 83' lang='lat' dir='ltr'><strong>quae</strong></span> <span class='ocrx_word' id='word_1_533' title='bbox 1696 965 1819 1024; x_wconf 86' lang='lat' dir='ltr'><strong>nuptura</strong></span> <span class='ocrx_word' id='word_1_534' title='bbox 1837 965 1896 1018; x_wconf 81' lang='lat' dir='ltr'><strong>eet,</strong></span> 
     </span>
    </p>
   </div>
   <div class='ocr_carea' id='block_1_19' title="bbox 1023 1038 2042 4600">
    <p class='ocr_par' dir='ltr' id='par_1_22' title="bbox 1023 1038 1897 1366">
     <span class='ocr_line' id='line_1_65' title="bbox 1023 1038 1896 1110; baseline -0.006 -16"><span class='ocrx_word' id='word_1_535' title='bbox 1023 1050 1052 1094; x_wconf 88' lang='lat' dir='ltr'><strong>et</strong></span> <span class='ocrx_word' id='word_1_536' title='bbox 1076 1040 1187 1095; x_wconf 88' lang='lat' dir='ltr'><strong>debitor</strong></span> <span class='ocrx_word' id='word_1_537' title='bbox 1210 1041 1350 1104; x_wconf 74' lang='lat' dir='ltr'><strong>mulieris,</strong></span> <span class='ocrx_word' id='word_1_538' title='bbox 1373 1043 1397 1093; x_wconf 75' lang='lat' dir='ltr'><strong>ri</strong></span> <span class='ocrx_word' id='word_1_539' title='bbox 1415 1042 1493 1093; x_wconf 79' lang='lat' dir='ltr'><strong>iueeu</strong></span> <span class='ocrx_word' id='word_1_540' title='bbox 1512 1040 1571 1092; x_wconf 80' lang='lat' dir='ltr'><strong>eiua</strong></span> <span class='ocrx_word' id='word_1_541' title='bbox 1594 1038 1684 1107; x_wconf 72' lang='lat' dir='ltr'><strong>dieat3</strong></span> <span class='ocrx_word' id='word_1_542' title='bbox 1709 1041 1774 1091; x_wconf 82' lang='lat' dir='ltr'><strong>item</strong></span> <span class='ocrx_word' id='word_1_543' title='bbox 1800 1041 1824 1074; x_wconf 83' lang='grc'><strong>00</strong></span> <span class='ocrx_word' id='word_1_544' title='bbox 1845 1057 1896 1110; x_wconf 84' lang='lat' dir='ltr'><strong>pa·</strong></span> 
     </span>
     <span class='ocr_line' id='line_1_66' title="bbox 1024 1126 1897 1197; baseline -0.003 -17"><span class='ocrx_word' id='word_1_545' title='bbox 1024 1144 1085 1180; x_wconf 81' lang='lat' dir='ltr'><strong>rena</strong></span> <span class='ocrx_word' id='word_1_546' title='bbox 1102 1128 1227 1179; x_wconf 84' lang='lat' dir='ltr'><strong>mulieria</strong></span> <span class='ocrx_word' id='word_1_547' title='bbox 1245 1127 1333 1179; x_wconf 73' lang='lat' dir='ltr'><strong>virilis</strong></span> <span class='ocrx_word' id='word_1_548' title='bbox 1352 1143 1449 1189; x_wconf 77' lang='lat' dir='ltr'><strong>aenne,</strong></span> <span class='ocrx_word' id='word_1_549' title='bbox 1471 1142 1521 1197; x_wconf 85' lang='lat' dir='ltr'><strong>per</strong></span> <span class='ocrx_word' id='word_1_550' title='bbox 1544 1126 1650 1179; x_wconf 83' lang='lat' dir='ltr'><strong>virilem</strong></span> <span class='ocrx_word' id='word_1_551' title='bbox 1676 1142 1771 1179; x_wconf 74' lang='lat' dir='ltr'><strong>nexum</strong></span> <span class='ocrx_word' id='word_1_552' title='bbox 1795 1142 1897 1195; x_wconf 80' lang='lat' dir='ltr'><strong>eogna·</strong></span> 
     </span>
     <span class='ocr_line' id='line_1_67' title="bbox 1024 1210 1896 1281; baseline 0 -18"><span class='ocrx_word' id='word_1_553' title='bbox 1024 1214 1100 1264; x_wconf 86' lang='lat' dir='ltr'><strong>tione</strong></span> <span class='ocrx_word' id='word_1_554' title='bbox 1115 1214 1245 1275; x_wconf 79' lang='lat' dir='ltr'><strong>iunctus,</strong></span> <span class='ocrx_word' id='word_1_555' title='bbox 1263 1213 1342 1264; x_wconf 85' lang='lat' dir='ltr'><strong>velut</strong></span> <span class='ocrx_word' id='word_1_556' title='bbox 1359 1219 1454 1281; x_wconf 88' lang='lat' dir='ltr'><strong>pater,</strong></span> <span class='ocrx_word' id='word_1_557' title='bbox 1473 1228 1539 1265; x_wconf 80' lang='lat' dir='ltr'><strong>aune</strong></span> <span class='ocrx_word' id='word_1_558' title='bbox 1558 1219 1701 1279; x_wconf 70' lang='lat' dir='ltr'><strong>paternus.</strong></span> <span class='ocrx_word' id='word_1_559' title='bbox 1719 1210 1811 1275; x_wconf 76' lang='lat' dir='ltr'><strong>Dare,</strong></span> <span class='ocrx_word' id='word_1_560' title='bbox 1829 1229 1896 1280; x_wconf 82' lang='lat' dir='ltr'><strong>pro·</strong></span> 
     </span>
     <span class='ocr_line' id='line_1_68' title="bbox 1023 1299 1500 1366; baseline -0.004 -17"><span class='ocrx_word' id='word_1_561' title='bbox 1023 1299 1133 1350; x_wconf 90' lang='lat' dir='ltr'><strong>mittere</strong></span> <span class='ocrx_word' id='word_1_562' title='bbox 1153 1299 1245 1349; x_wconf 89' lang='lat' dir='ltr'><strong>dotem</strong></span> <span class='ocrx_word' id='word_1_563' title='bbox 1263 1314 1356 1349; x_wconf 76' lang='lat' dir='ltr'><strong>omnen</strong></span> <span class='ocrx_word' id='word_1_564' title='bbox 1375 1304 1500 1366; x_wconf 77' lang='lat' dir='ltr'><strong>ponunt.</strong></span> 
     </span>
    </p>

    <p class='ocr_par' dir='ltr' id='par_1_23' title="bbox 1025 1378 1902 1622">
     <span class='ocr_line' id='line_1_69' title="bbox 1076 1378 1894 1451; baseline -0.005 -14"><span class='ocrx_word' id='word_1_565' title='bbox 1076 1383 1103 1449; x_wconf 81' lang='lat'><strong>5.</strong></span> <span class='ocrx_word' id='word_1_566' title='bbox 1122 1385 1147 1437; x_wconf 82' lang='lat'><strong>3.</strong></span> <span class='ocrx_word' id='word_1_567' title='bbox 1184 1383 1240 1434; x_wconf 79' lang='lat' dir='ltr'><strong>Dos</strong></span> <span class='ocrx_word' id='word_1_568' title='bbox 1253 1392 1304 1435; x_wconf 90' lang='lat' dir='ltr'><strong>aut</strong></span> <span class='ocrx_word' id='word_1_569' title='bbox 1322 1384 1482 1451; x_wconf 85' lang='lat' dir='ltr'><strong>prot&#39;eeticin</strong></span> <span class='ocrx_word' id='word_1_570' title='bbox 1502 1381 1613 1441; x_wconf 82' lang='lat' dir='ltr'><strong>dicitnr,</strong></span> <span class='ocrx_word' id='word_1_571' title='bbox 1633 1378 1663 1432; x_wconf 90' lang='lat' dir='ltr'><strong>id</strong></span> <span class='ocrx_word' id='word_1_572' title='bbox 1681 1388 1724 1432; x_wconf 81' lang='lat' dir='ltr'><strong>eet</strong></span> <span class='ocrx_word' id='word_1_573' title='bbox 1742 1398 1824 1448; x_wconf 85' lang='lat' dir='ltr'><strong>qnam</strong></span> <span class='ocrx_word' id='word_1_574' title='bbox 1844 1399 1894 1450; x_wconf 82' lang='lat' dir='ltr'><strong>pa·</strong></span> 
     </span>
     <span class='ocr_line' id='line_1_70' title="bbox 1026 1465 1902 1537; baseline 0.001 -19"><span class='ocrx_word' id='word_1_575' title='bbox 1026 1476 1068 1519; x_wconf 87' lang='lat' dir='ltr'><strong>ter</strong></span> <span class='ocrx_word' id='word_1_576' title='bbox 1095 1468 1218 1519; x_wconf 73' lang='lat' dir='ltr'><strong>mulieris</strong></span> <span class='ocrx_word' id='word_1_577' title='bbox 1243 1468 1337 1532; x_wconf 71' lang='lat' dir='ltr'><strong>dedit,</strong></span> <span class='ocrx_word' id='word_1_578' title='bbox 1363 1477 1413 1519; x_wconf 82' lang='lat' dir='ltr'><strong>nait</strong></span> <span class='ocrx_word' id='word_1_579' title='bbox 1435 1469 1607 1528; x_wconf 83' lang='lat' dir='ltr'><strong>adventicia,</strong></span> <span class='ocrx_word' id='word_1_580' title='bbox 1633 1465 1664 1519; x_wconf 88' lang='lat' dir='ltr'><strong>id</strong></span> <span class='ocrx_word' id='word_1_581' title='bbox 1687 1476 1728 1518; x_wconf 81' lang='lat' dir='ltr'><strong>eat</strong></span> <span class='ocrx_word' id='word_1_582' title='bbox 1752 1483 1798 1529; x_wconf 86' lang='lat' dir='ltr'><strong>ea,</strong></span> <span class='ocrx_word' id='word_1_583' title='bbox 1823 1484 1902 1537; x_wconf 50' lang='lat' dir='ltr'><strong>qnae,</strong></span> 
     </span>
     <span class='ocr_line' id='line_1_71' title="bbox 1025 1552 1383 1622; baseline 0 -19"><span class='ocrx_word' id='word_1_584' title='bbox 1025 1570 1040 1603; x_wconf 86' lang='lat' dir='ltr'><strong>a</strong></span> <span class='ocrx_word' id='word_1_585' title='bbox 1060 1554 1158 1622; x_wconf 70' lang='lat' dir='ltr'><strong>‹pnovie</strong></span> <span class='ocrx_word' id='word_1_586' title='bbox 1177 1553 1232 1603; x_wconf 89' lang='lat' dir='ltr'><strong>alio</strong></span> <span class='ocrx_word' id='word_1_587' title='bbox 1251 1552 1316 1604; x_wconf 88' lang='lat' dir='ltr'><strong>data</strong></span> <span class='ocrx_word' id='word_1_588' title='bbox 1333 1561 1383 1604; x_wconf 79' lang='lat' dir='ltr'><strong>ert.</strong></span> 
     </span>
    </p>

    <p class='ocr_par' dir='ltr' id='par_1_24' title="bbox 1025 1637 2034 2219">
     <span class='ocr_line' id='line_1_72' title="bbox 1078 1637 1898 1707; baseline 0.001 -17"><span class='ocrx_word' id='word_1_589' title='bbox 1078 1639 1100 1704; x_wconf 91' lang='lat'><strong>5.</strong></span> <span class='ocrx_word' id='word_1_590' title='bbox 1118 1640 1143 1690; x_wconf 73' lang='lat'><strong>4.</strong></span> <span class='ocrx_word' id='word_1_591' title='bbox 1186 1639 1298 1689; x_wconf 82' lang='lat' dir='ltr'><strong>Mortua</strong></span> <span class='ocrx_word' id='word_1_592' title='bbox 1323 1639 1351 1689; x_wconf 91' lang='lat' dir='ltr'><strong>iu</strong></span> <span class='ocrx_word' id='word_1_593' title='bbox 1375 1640 1551 1690; x_wconf 85' lang='lat' dir='ltr'><strong>matrimonio</strong></span> <span class='ocrx_word' id='word_1_594' title='bbox 1576 1639 1692 1689; x_wconf 89' lang='lat' dir='ltr'><strong>undiere</strong></span> <span class='ocrx_word' id='word_1_595' title='bbox 1717 1637 1766 1689; x_wconf 78' lang='lat' dir='ltr'><strong>dos</strong></span> <span class='ocrx_word' id='word_1_596' title='bbox 1786 1657 1800 1689; x_wconf 88' lang='lat' dir='ltr'><strong>a</strong></span> <span class='ocrx_word' id='word_1_597' title='bbox 1820 1648 1898 1707; x_wconf 85' lang='lat' dir='ltr'><strong>patre</strong></span> 
     </span>
     <span class='ocr_line' id='line_1_73' title="bbox 1026 1723 2034 1792; baseline 0.004 -22"><span class='ocrx_word' id='word_1_598' title='bbox 1026 1725 1150 1791; x_wconf 75' lang='lat' dir='ltr'><strong>prolecta</strong></span> <span class='ocrx_word' id='word_1_599' title='bbox 1169 1723 1204 1774; x_wconf 91' lang='lat' dir='ltr'><strong>ad</strong></span> <span class='ocrx_word' id='word_1_600' title='bbox 1222 1733 1328 1792; x_wconf 84' lang='lat' dir='ltr'><strong>patrem</strong></span> <span class='ocrx_word' id='word_1_601' title='bbox 1347 1726 1508 1786; x_wconf 85' lang='lat' dir='ltr'><strong>revertitur,</strong></span> <span class='ocrx_word' id='word_1_602' title='bbox 1538 1725 1644 1792; x_wconf 76' lang='lat' dir='ltr'><strong>quintis</strong></span> <span class='ocrx_word' id='word_1_603' title='bbox 1663 1726 1691 1774; x_wconf 91' lang='lat' dir='ltr'><strong>in</strong></span> <span class='ocrx_word' id='word_1_604' title='bbox 1711 1725 1845 1792; x_wconf 75' lang='lat' dir='ltr'><strong>sinilgulor</strong></span> <span class='ocrx_word' id='word_1_605' title='bbox 1864 1725 1899 1774; x_wconf 91' lang='lat' dir='ltr'><strong>li·</strong></span> <span class='ocrx_word' id='word_1_606' title='bbox 1919 1726 1977 1780; x_wconf 80' lang='lat'><strong>193.</strong></span> <span class='ocrx_word' id='word_1_607' title='bbox 1994 1728 2034 1792; x_wconf 66' lang='lat' dir='ltr'><strong>ap.</strong></span> 
     </span>
     <span class='ocr_line' id='line_1_74' title="bbox 1026 1807 1899 1878; baseline 0.003 -21"><span class='ocrx_word' id='word_1_608' title='bbox 1026 1807 1106 1858; x_wconf 77' lang='lat' dir='ltr'><strong>beroe</strong></span> <span class='ocrx_word' id='word_1_609' title='bbox 1135 1808 1165 1858; x_wconf 90' lang='lat' dir='ltr'><strong>in</strong></span> <span class='ocrx_word' id='word_1_610' title='bbox 1192 1808 1333 1860; x_wconf 85' lang='lat' dir='ltr'><strong>inlinitum</strong></span> <span class='ocrx_word' id='word_1_611' title='bbox 1360 1810 1464 1861; x_wconf 74' lang='lat' dir='ltr'><strong>relictio</strong></span> <span class='ocrx_word' id='word_1_612' title='bbox 1493 1826 1576 1878; x_wconf 85' lang='lat' dir='ltr'><strong>penca</strong></span> <span class='ocrx_word' id='word_1_613' title='bbox 1599 1811 1696 1862; x_wconf 75' lang='lat' dir='ltr'><strong>virum</strong></span> <span class='ocrx_word' id='word_1_614' title='bbox 1721 1809 1822 1877; x_wconf 69' lang='lat' dir='ltr'><strong>quodsi</strong></span> <span class='ocrx_word' id='word_1_615' title='bbox 1849 1827 1899 1878; x_wconf 64' lang='lat' dir='ltr'><strong>pa:</strong></span> 
     </span>
     <span class='ocr_line' id='line_1_75' title="bbox 1027 1893 1897 1962; baseline 0.001 -18"><span class='ocrx_word' id='word_1_616' title='bbox 1027 1901 1068 1944; x_wconf 90' lang='lat' dir='ltr'><strong>ter</strong></span> <span class='ocrx_word' id='word_1_617' title='bbox 1086 1910 1142 1943; x_wconf 92' lang='lat' dir='ltr'><strong>non</strong></span> <span class='ocrx_word' id='word_1_618' title='bbox 1160 1896 1206 1957; x_wconf 80' lang='lat' dir='ltr'><strong>eit,</strong></span> <span class='ocrx_word' id='word_1_619' title='bbox 1225 1893 1300 1962; x_wconf 89' lang='lat' dir='ltr'><strong>apud</strong></span> <span class='ocrx_word' id='word_1_620' title='bbox 1319 1896 1448 1947; x_wconf 86' lang='lat' dir='ltr'><strong>maritum</strong></span> <span class='ocrx_word' id='word_1_621' title='bbox 1466 1904 1597 1947; x_wconf 81' lang='lat' dir='ltr'><strong>rcriianet.</strong></span> <span class='ocrx_word' id='word_1_622' title='bbox 1633 1893 1656 1959; x_wconf 89' lang='lat'><strong>5.</strong></span> <span class='ocrx_word' id='word_1_623' title='bbox 1676 1899 1699 1948; x_wconf 80' lang='grc'><strong>5.</strong></span> <span class='ocrx_word' id='word_1_624' title='bbox 1735 1894 1897 1946; x_wconf 80' lang='lat' dir='ltr'><strong>Adventicia</strong></span> 
     </span>
     <span class='ocr_line' id='line_1_76' title="bbox 1026 1972 1912 2048; baseline 0.005 -20"><span class='ocrx_word' id='word_1_625' title='bbox 1026 1986 1117 2028; x_wconf 85' lang='lat' dir='ltr'><strong>autern</strong></span> <span class='ocrx_word' id='word_1_626' title='bbox 1143 1979 1192 2028; x_wconf 76' lang='lat' dir='ltr'><strong>dor</strong></span> <span class='ocrx_word' id='word_1_627' title='bbox 1216 1996 1323 2047; x_wconf 83' lang='lat' dir='ltr'><strong>semper</strong></span> <span class='ocrx_word' id='word_1_628' title='bbox 1349 1996 1432 2048; x_wconf 73' lang='lat' dir='ltr'><strong>penes</strong></span> <span class='ocrx_word' id='word_1_629' title='bbox 1459 1981 1588 2031; x_wconf 88' lang='lat' dir='ltr'><strong>maritum</strong></span> <span class='ocrx_word' id='word_1_630' title='bbox 1615 1988 1748 2042; x_wconf 81' lang='lat' dir='ltr'><strong>remanet,</strong></span> <span class='ocrx_word' id='word_1_631' title='bbox 1775 1972 1912 2047; x_wconf 42' lang='lat' dir='ltr'><strong>praeter-¹</strong></span> 
     </span>
     <span class='ocr_line' id='line_1_77' title="bbox 1026 2062 1898 2135; baseline 0.005 -23"><span class='ocrx_word' id='word_1_632' title='bbox 1026 2080 1111 2130; x_wconf 84' lang='lat' dir='ltr'><strong>quem</strong></span> <span class='ocrx_word' id='word_1_633' title='bbox 1136 2063 1158 2113; x_wconf 80' lang='lat' dir='ltr'><strong>si</strong></span> <span class='ocrx_word' id='word_1_634' title='bbox 1182 2065 1220 2123; x_wconf 75' lang='lat' dir='ltr'><strong>ie,</strong></span> <span class='ocrx_word' id='word_1_635' title='bbox 1249 2064 1298 2133; x_wconf 87' lang='lat' dir='ltr'><strong>qui</strong></span> <span class='ocrx_word' id='word_1_636' title='bbox 1328 2062 1419 2125; x_wconf 81' lang='lat' dir='ltr'><strong>dedit,</strong></span> <span class='ocrx_word' id='word_1_637' title='bbox 1447 2073 1477 2115; x_wconf 91' lang='lat' dir='ltr'><strong>nt</strong></span> <span class='ocrx_word' id='word_1_638' title='bbox 1496 2064 1548 2115; x_wconf 79' lang='lat' dir='ltr'><strong>sibi</strong></span> <span class='ocrx_word' id='word_1_639' title='bbox 1568 2064 1730 2117; x_wconf 84' lang='lat' dir='ltr'><strong>redderetur</strong></span> <span class='ocrx_word' id='word_1_640' title='bbox 1748 2068 1898 2135; x_wconf 74' lang='lat' dir='ltr'><strong>stipulatur</strong></span> 
     </span>
     <span class='ocr_line' id='line_1_78' title="bbox 1025 2146 1765 2219; baseline 0.004 -21"><span class='ocrx_word' id='word_1_641' title='bbox 1025 2146 1080 2199; x_wconf 85' lang='lat' dir='ltr'><strong>tuit</strong></span> <span class='ocrx_word' id='word_1_642' title='bbox 1099 2148 1134 2210; x_wconf 75' lang='lat'><strong>⁸⁹3</strong></span> <span class='ocrx_word' id='word_1_643' title='bbox 1154 2164 1226 2217; x_wconf 90' lang='lat' dir='ltr'><strong>quar</strong></span> <span class='ocrx_word' id='word_1_644' title='bbox 1246 2146 1295 2198; x_wconf 78' lang='lat' dir='ltr'><strong>doe</strong></span> <span class='ocrx_word' id='word_1_645' title='bbox 1313 2149 1470 2219; x_wconf 70' lang='lat' dir='ltr'><strong>specialiter</strong></span> <span class='ocrx_word' id='word_1_646' title='bbox 1481 2152 1635 2219; x_wconf 77' lang='lat' dir='ltr'><strong>‚recepticio</strong></span> <span class='ocrx_word' id='word_1_647' title='bbox 1654 2150 1765 2202; x_wconf 84' lang='lat' dir='ltr'><strong>dicitur.</strong></span> 
     </span>
    </p>

    <p class='ocr_par' dir='ltr' id='par_1_25' title="bbox 1027 2230 1901 2883">
     <span class='ocr_line' id='line_1_79' title="bbox 1078 2230 1897 2302; baseline 0.002 -17"><span class='ocrx_word' id='word_1_648' title='bbox 1078 2230 1101 2297; x_wconf 84' lang='lat'><strong>5.</strong></span> <span class='ocrx_word' id='word_1_649' title='bbox 1119 2232 1143 2285; x_wconf 81' lang='grc'><strong>6.</strong></span> <span class='ocrx_word' id='word_1_650' title='bbox 1183 2234 1308 2283; x_wconf 83' lang='lat' dir='ltr'><strong>Divertiu</strong></span> <span class='ocrx_word' id='word_1_651' title='bbox 1329 2234 1416 2296; x_wconf 77' lang='lat' dir='ltr'><strong>iacto,</strong></span> <span class='ocrx_word' id='word_1_652' title='bbox 1431 2233 1568 2302; x_wconf 74' lang='lat' dir='ltr'><strong>niqraidern</strong></span> <span class='ocrx_word' id='word_1_653' title='bbox 1584 2237 1626 2287; x_wconf 75' lang='lat' dir='ltr'><strong>eui</strong></span> <span class='ocrx_word' id='word_1_654' title='bbox 1647 2237 1715 2286; x_wconf 81' lang='lat' dir='ltr'><strong>iuria</strong></span> <span class='ocrx_word' id='word_1_655' title='bbox 1735 2236 1771 2286; x_wconf 83' lang='lat' dir='ltr'><strong>sit</strong></span> <span class='ocrx_word' id='word_1_656' title='bbox 1789 2236 1897 2295; x_wconf 84' lang='lat' dir='ltr'><strong>mulier,</strong></span> 
     </span>
     <span class='ocr_line' id='line_1_80' title="bbox 1027 2316 1901 2391; baseline 0.003 -23"><span class='ocrx_word' id='word_1_657' title='bbox 1027 2318 1086 2386; x_wconf 78' lang='lat' dir='ltr'><strong>ipra</strong></span> <span class='ocrx_word' id='word_1_658' title='bbox 1105 2316 1190 2368; x_wconf 79' lang='lat' dir='ltr'><strong>habet</strong></span> <span class='ocrx_word' id='word_1_659' title='bbox 1208 2318 1232 2351; x_wconf 81' lang='grc'><strong>00</strong></span> <span class='ocrx_word' id='word_1_660' title='bbox 1250 2320 1384 2371; x_wconf 84' lang='lat' dir='ltr'><strong>actionem</strong></span> <span class='ocrx_word' id='word_1_661' title='bbox 1403 2317 1440 2370; x_wconf 85' lang='lat' dir='ltr'><strong>ud</strong></span> <span class='ocrx_word' id='word_1_662' title='bbox 1456 2321 1479 2352; x_wconf 89' lang='grc'><strong>00</strong></span> <span class='ocrx_word' id='word_1_663' title='bbox 1498 2319 1570 2370; x_wconf 72' lang='lat' dir='ltr'><strong>dotis</strong></span> <span class='ocrx_word' id='word_1_664' title='bbox 1591 2320 1791 2388; x_wconf 85' lang='lat' dir='ltr'><strong>repetitionem.</strong></span> <span class='ocrx_word' id='word_1_665' title='bbox 1809 2321 1901 2391; x_wconf 69' lang='lat' dir='ltr'><strong>‹pirod-</strong></span> 
     </span>
     <span class='ocr_line' id='line_1_81' title="bbox 1028 2403 1901 2476; baseline 0.005 -24"><span class='ocrx_word' id='word_1_666' title='bbox 1028 2403 1049 2453; x_wconf 82' lang='lat' dir='ltr'><strong>si</strong></span> <span class='ocrx_word' id='word_1_667' title='bbox 1076 2404 1105 2453; x_wconf 89' lang='lat' dir='ltr'><strong>in</strong></span> <span class='ocrx_word' id='word_1_668' title='bbox 1128 2411 1266 2471; x_wconf 74' lang='lat' dir='ltr'><strong>potentatu</strong></span> <span class='ocrx_word' id='word_1_669' title='bbox 1292 2406 1377 2472; x_wconf 72' lang='lat' dir='ltr'><strong>pratris</strong></span> <span class='ocrx_word' id='word_1_670' title='bbox 1405 2404 1454 2467; x_wconf 81' lang='lat' dir='ltr'><strong>eit,</strong></span> <span class='ocrx_word' id='word_1_671' title='bbox 1479 2412 1558 2473; x_wconf 91' lang='lat' dir='ltr'><strong>pater</strong></span> <span class='ocrx_word' id='word_1_672' title='bbox 1581 2403 1712 2456; x_wconf 88' lang='lat' dir='ltr'><strong>adiuncta</strong></span> <span class='ocrx_word' id='word_1_673' title='bbox 1739 2406 1811 2457; x_wconf 87' lang='lat' dir='ltr'><strong>filiae</strong></span> <span class='ocrx_word' id='word_1_674' title='bbox 1836 2424 1901 2476; x_wconf 87' lang='lat' dir='ltr'><strong>per·</strong></span> 
     </span>
     <span class='ocr_line' id='line_1_82' title="bbox 1027 2487 1900 2546; baseline 0.005 -9"><span class='ocrx_word' id='word_1_675' title='bbox 1027 2504 1093 2538; x_wconf 84' lang='lat' dir='ltr'><strong>aona</strong></span> <span class='ocrx_word' id='word_1_676' title='bbox 1112 2487 1199 2538; x_wconf 79' lang='lat' dir='ltr'><strong>nabet</strong></span> <span class='ocrx_word' id='word_1_677' title='bbox 1216 2490 1351 2540; x_wconf 87' lang='lat' dir='ltr'><strong>actionem</strong></span> <span class='ocrx_word' id='word_1_678' title='bbox 1371 2491 1413 2540; x_wconf 88' lang='lat' dir='ltr'><strong>rei</strong></span> <span class='ocrx_word' id='word_1_679' title='bbox 1430 2491 1547 2540; x_wconf 71' lang='lat' dir='ltr'><strong>luxoriae</strong></span> <span class='ocrx_word' id='word_1_680' title='bbox 1571 2490 1610 2546; x_wconf 78' lang='grc' dir='ltr'><strong>0ος</strong></span> <span class='ocrx_word' id='word_1_681' title='bbox 1635 2508 1685 2541; x_wconf 89' lang='lat' dir='ltr'><strong>nec</strong></span> <span class='ocrx_word' id='word_1_682' title='bbox 1710 2490 1825 2542; x_wconf 69' lang='lat' dir='ltr'><strong>interest</strong></span> <span class='ocrx_word' id='word_1_683' title='bbox 1849 2491 1900 2541; x_wconf 89' lang='lat' dir='ltr'><strong>ad·</strong></span> 
     </span>
     <span class='ocr_line' id='line_1_83' title="bbox 1028 2573 1900 2642; baseline 0.007 -20"><span class='ocrx_word' id='word_1_684' title='bbox 1028 2573 1145 2623; x_wconf 88' lang='lat' dir='ltr'><strong>ventitia</strong></span> <span class='ocrx_word' id='word_1_685' title='bbox 1163 2573 1198 2623; x_wconf 83' lang='lat' dir='ltr'><strong>ait</strong></span> <span class='ocrx_word' id='word_1_686' title='bbox 1216 2573 1280 2637; x_wconf 78' lang='lat' dir='ltr'><strong>eloe,</strong></span> <span class='ocrx_word' id='word_1_687' title='bbox 1300 2591 1333 2624; x_wconf 89' lang='lat' dir='ltr'><strong>an</strong></span> <span class='ocrx_word' id='word_1_688' title='bbox 1352 2574 1523 2642; x_wconf 83' lang='lat' dir='ltr'><strong>proiecticia.</strong></span> <span class='ocrx_word' id='word_1_689' title='bbox 1561 2576 1585 2642; x_wconf 88' lang='lat'><strong>5.</strong></span> <span class='ocrx_word' id='word_1_690' title='bbox 1606 2577 1631 2628; x_wconf 84' lang='lat'><strong>7.</strong></span> <span class='ocrx_word' id='word_1_691' title='bbox 1667 2576 1732 2626; x_wconf 73' lang='lat' dir='ltr'><strong>Post</strong></span> <span class='ocrx_word' id='word_1_692' title='bbox 1750 2574 1900 2628; x_wconf 84' lang='lat' dir='ltr'><strong>divortium</strong></span> 
     </span>
     <span class='ocr_line' id='line_1_84' title="bbox 1030 2655 1900 2713; baseline 0.007 -6"><span class='ocrx_word' id='word_1_693' title='bbox 1030 2655 1160 2708; x_wconf 79' lang='lat' dir='ltr'><strong>defuncta</strong></span> <span class='ocrx_word' id='word_1_694' title='bbox 1194 2658 1310 2710; x_wconf 88' lang='lat' dir='ltr'><strong>muliere</strong></span> <span class='ocrx_word' id='word_1_695' title='bbox 1339 2656 1435 2710; x_wconf 89' lang='lat' dir='ltr'><strong>heredi</strong></span> <span class='ocrx_word' id='word_1_696' title='bbox 1468 2661 1528 2711; x_wconf 83' lang='lat' dir='ltr'><strong>einr</strong></span> <span class='ocrx_word' id='word_1_697' title='bbox 1559 2661 1633 2710; x_wconf 86' lang='lat' dir='ltr'><strong>actio</strong></span> <span class='ocrx_word' id='word_1_698' title='bbox 1659 2677 1715 2711; x_wconf 89' lang='lat' dir='ltr'><strong>uon</strong></span> <span class='ocrx_word' id='word_1_699' title='bbox 1745 2660 1826 2713; x_wconf 90' lang='lat' dir='ltr'><strong>aliter</strong></span> <span class='ocrx_word' id='word_1_700' title='bbox 1851 2660 1900 2712; x_wconf 87' lang='lat' dir='ltr'><strong>da·</strong></span> 
     </span>
     <span class='ocr_line' id='line_1_85' title="bbox 1029 2743 1900 2810; baseline 0.008 -18"><span class='ocrx_word' id='word_1_701' title='bbox 1029 2749 1092 2804; x_wconf 89' lang='lat' dir='ltr'><strong>tur,</strong></span> <span class='ocrx_word' id='word_1_702' title='bbox 1115 2759 1199 2810; x_wconf 88' lang='lat' dir='ltr'><strong>qnam</strong></span> <span class='ocrx_word' id='word_1_703' title='bbox 1225 2743 1248 2793; x_wconf 83' lang='lat' dir='ltr'><strong>ri</strong></span> <span class='ocrx_word' id='word_1_704' title='bbox 1272 2760 1377 2795; x_wconf 86' lang='lat' dir='ltr'><strong>moram</strong></span> <span class='ocrx_word' id='word_1_705' title='bbox 1402 2744 1431 2795; x_wconf 90' lang='lat' dir='ltr'><strong>in</strong></span> <span class='ocrx_word' id='word_1_706' title='bbox 1458 2743 1524 2796; x_wconf 90' lang='lat' dir='ltr'><strong>dote</strong></span> <span class='ocrx_word' id='word_1_707' title='bbox 1549 2745 1659 2797; x_wconf 85' lang='lat' dir='ltr'><strong>mulieri</strong></span> <span class='ocrx_word' id='word_1_708' title='bbox 1682 2744 1823 2798; x_wconf 87' lang='lat' dir='ltr'><strong>reddenda</strong></span> <span class='ocrx_word' id='word_1_709' title='bbox 1841 2765 1900 2799; x_wconf 84' lang='lat' dir='ltr'><strong>ma·</strong></span> 
     </span>
     <span class='ocr_line' id='line_1_86' title="bbox 1029 2827 1222 2883; baseline 0 -5"><span class='ocrx_word' id='word_1_710' title='bbox 1029 2827 1099 2879; x_wconf 77' lang='lat' dir='ltr'><strong>ritui</strong></span> <span class='ocrx_word' id='word_1_711' title='bbox 1118 2827 1222 2883; x_wconf 85' lang='lat' dir='ltr'><strong>iecerit.</strong></span> 
     </span>
    </p>

    <p class='ocr_par' dir='ltr' id='par_1_26' title="bbox 1030 2911 1903 3222">
     <span class='ocr_line' id='line_1_87' title="bbox 1081 2911 1902 2982; baseline 0.006 -18"><span class='ocrx_word' id='word_1_712' title='bbox 1081 2912 1106 2977; x_wconf 87' lang='grc'><strong>5.</strong></span> <span class='ocrx_word' id='word_1_713' title='bbox 1124 2911 1151 2967; x_wconf 82' lang='grc'><strong>8.</strong></span> <span class='ocrx_word' id='word_1_714' title='bbox 1188 2912 1244 2963; x_wconf 87' lang='grc' dir='ltr'><strong>Ι)οἰ</strong></span> <span class='ocrx_word' id='word_1_715' title='bbox 1263 2914 1286 2964; x_wconf 82' lang='lat' dir='ltr'><strong>ri</strong></span> <span class='ocrx_word' id='word_1_716' title='bbox 1304 2912 1439 2982; x_wconf 90' lang='lat' dir='ltr'><strong>pondere,</strong></span> <span class='ocrx_word' id='word_1_717' title='bbox 1458 2930 1590 2977; x_wconf 88' lang='lat' dir='ltr'><strong>numero,</strong></span> <span class='ocrx_word' id='word_1_718' title='bbox 1608 2930 1736 2967; x_wconf 68' lang='lat' dir='ltr'><strong>mensura</strong></span> <span class='ocrx_word' id='word_1_719' title='bbox 1759 2918 1902 2969; x_wconf 75' lang='lat' dir='ltr'><strong>contiuea-</strong></span> 
     </span>
     <span class='ocr_line' id='line_1_88' title="bbox 1030 2997 1903 3066; baseline 0.009 -19"><span class='ocrx_word' id='word_1_720' title='bbox 1030 3004 1085 3056; x_wconf 89' lang='lat' dir='ltr'><strong>tur,</strong></span> <span class='ocrx_word' id='word_1_721' title='bbox 1106 3014 1207 3058; x_wconf 84' lang='lat' dir='ltr'><strong>annua,</strong></span> <span class='ocrx_word' id='word_1_722' title='bbox 1226 2997 1315 3060; x_wconf 75' lang='lat' dir='ltr'><strong>hiena,</strong></span> <span class='ocrx_word' id='word_1_723' title='bbox 1334 3000 1416 3049; x_wconf 83' lang='lat' dir='ltr'><strong>trima</strong></span> <span class='ocrx_word' id='word_1_724' title='bbox 1441 2999 1486 3050; x_wconf 89' lang='lat' dir='ltr'><strong>die</strong></span> <span class='ocrx_word' id='word_1_725' title='bbox 1512 2999 1639 3053; x_wconf 81' lang='lat' dir='ltr'><strong>redditur</strong></span> <span class='ocrx_word' id='word_1_726' title='bbox 1661 3000 1711 3066; x_wconf 70' lang='lat'><strong>‘²¹5</strong></span> <span class='ocrx_word' id='word_1_727' title='bbox 1735 3003 1789 3054; x_wconf 84' lang='lat' dir='ltr'><strong>niai</strong></span> <span class='ocrx_word' id='word_1_728' title='bbox 1812 3003 1850 3063; x_wconf 85' lang='grc'><strong>00,</strong></span> <span class='ocrx_word' id='word_1_729' title='bbox 1872 3012 1903 3055; x_wconf 92' lang='lat' dir='ltr'><strong>ut</strong></span> 
     </span>
     <span class='ocr_line' id='line_1_89' title="bbox 1030 3081 1901 3155; baseline 0.009 -24"><span class='ocrx_word' id='word_1_730' title='bbox 1030 3097 1157 3150; x_wconf 75' lang='lat' dir='ltr'><strong>prucrene</strong></span> <span class='ocrx_word' id='word_1_731' title='bbox 1185 3081 1335 3148; x_wconf 84' lang='lat' dir='ltr'><strong>reddatur,</strong></span> <span class='ocrx_word' id='word_1_732' title='bbox 1360 3084 1527 3136; x_wconf 78' lang='lat' dir='ltr'><strong>conuenerit</strong></span> <span class='ocrx_word' id='word_1_733' title='bbox 1553 3087 1678 3155; x_wconf 87' lang='lat' dir='ltr'><strong>reliquae</strong></span> <span class='ocrx_word' id='word_1_734' title='bbox 1705 3086 1783 3139; x_wconf 77' lang='lat' dir='ltr'><strong>dotes</strong></span> <span class='ocrx_word' id='word_1_735' title='bbox 1808 3089 1901 3140; x_wconf 82' lang='lat' dir='ltr'><strong>rtatim</strong></span> 
     </span>
     <span class='ocr_line' id='line_1_90' title="bbox 1030 3164 1197 3222; baseline 0.006 -6"><span class='ocrx_word' id='word_1_736' title='bbox 1030 3164 1197 3222; x_wconf 88' lang='lat' dir='ltr'><strong>redduntur.</strong></span> 
     </span>
    </p>

    <p class='ocr_par' dir='ltr' id='par_1_27' title="bbox 1030 3251 2042 4078">
     <span class='ocr_line' id='line_1_91' title="bbox 1082 3251 1907 3328; baseline 0.007 -23"><span class='ocrx_word' id='word_1_737' title='bbox 1082 3251 1105 3318; x_wconf 85' lang='lat'><strong>5.</strong></span> <span class='ocrx_word' id='word_1_738' title='bbox 1123 3252 1148 3305; x_wconf 86' lang='grc'><strong>9.</strong></span> <span class='ocrx_word' id='word_1_739' title='bbox 1185 3253 1361 3305; x_wconf 83' lang='lat' dir='ltr'><strong>Reteutionee</strong></span> <span class='ocrx_word' id='word_1_740' title='bbox 1380 3260 1414 3306; x_wconf 77' lang='grc' dir='ltr'><strong>εἰ</strong></span> <span class='ocrx_word' id='word_1_741' title='bbox 1433 3253 1498 3307; x_wconf 86' lang='lat' dir='ltr'><strong>dote</strong></span> <span class='ocrx_word' id='word_1_742' title='bbox 1517 3257 1589 3308; x_wconf 83' lang='lat' dir='ltr'><strong>liunt</strong></span> <span class='ocrx_word' id='word_1_743' title='bbox 1614 3258 1676 3322; x_wconf 82' lang='lat' dir='ltr'><strong>[eut</strong></span> <span class='ocrx_word' id='word_1_744' title='bbox 1692 3271 1814 3328; x_wconf 79' lang='lat' dir='ltr'><strong>propter</strong></span> <span class='ocrx_word' id='word_1_745' title='bbox 1832 3259 1907 3311; x_wconf 57' lang='lat' dir='ltr'><strong>lita.</strong></span> 
     </span>
     <span class='ocr_line' id='line_1_92' title="bbox 1030 3336 1903 3412; baseline 0.009 -25"><span class='ocrx_word' id='word_1_746' title='bbox 1030 3336 1105 3407; x_wconf 68' lang='lat' dir='ltr'><strong>rosi,</strong></span> <span class='ocrx_word' id='word_1_747' title='bbox 1133 3345 1183 3388; x_wconf 86' lang='lat' dir='ltr'><strong>unt</strong></span> <span class='ocrx_word' id='word_1_748' title='bbox 1205 3347 1319 3407; x_wconf 88' lang='lat' dir='ltr'><strong>propter</strong></span> <span class='ocrx_word' id='word_1_749' title='bbox 1343 3356 1447 3403; x_wconf 77' lang='lat' dir='ltr'><strong>mores,</strong></span> <span class='ocrx_word' id='word_1_750' title='bbox 1471 3350 1520 3394; x_wconf 89' lang='lat' dir='ltr'><strong>aut</strong></span> <span class='ocrx_word' id='word_1_751' title='bbox 1543 3352 1658 3411; x_wconf 89' lang='lat' dir='ltr'><strong>propter</strong></span> <span class='ocrx_word' id='word_1_752' title='bbox 1685 3343 1827 3412; x_wconf 75' lang='lat' dir='ltr'><strong>inpensae,</strong></span> <span class='ocrx_word' id='word_1_753' title='bbox 1853 3353 1903 3396; x_wconf 87' lang='lat' dir='ltr'><strong>aut</strong></span> 
     </span>
     <span class='ocr_line' id='line_1_93' title="bbox 1030 3422 1904 3497; baseline 0.009 -24"><span class='ocrx_word' id='word_1_754' title='bbox 1030 3431 1144 3492; x_wconf 87' lang='lat' dir='ltr'><strong>propter</strong></span> <span class='ocrx_word' id='word_1_755' title='bbox 1155 3439 1197 3475; x_wconf 80' lang='lat' dir='ltr'><strong>rea</strong></span> <span class='ocrx_word' id='word_1_756' title='bbox 1207 3422 1333 3487; x_wconf 80' lang='lat' dir='ltr'><strong>donatae,</strong></span> <span class='ocrx_word' id='word_1_757' title='bbox 1349 3434 1399 3476; x_wconf 85' lang='lat' dir='ltr'><strong>aut</strong></span> <span class='ocrx_word' id='word_1_758' title='bbox 1414 3434 1527 3496; x_wconf 89' lang='lat' dir='ltr'><strong>propter</strong></span> <span class='ocrx_word' id='word_1_759' title='bbox 1545 3444 1588 3478; x_wconf 80' lang='lat' dir='ltr'><strong>rea</strong></span> <span class='ocrx_word' id='word_1_760' title='bbox 1607 3438 1721 3485; x_wconf 80' lang='lat' dir='ltr'><strong>amotae.</strong></span> <span class='ocrx_word' id='word_1_761' title='bbox 1741 3430 1817 3497; x_wconf 87' lang='grc'><strong>510.</strong></span> <span class='ocrx_word' id='word_1_762' title='bbox 1837 3430 1904 3482; x_wconf 87' lang='lat' dir='ltr'><strong>Pro-</strong></span> 
     </span>
     <span class='ocr_line' id='line_1_94' title="bbox 1031 3508 1902 3584; baseline 0.009 -26"><span class='ocrx_word' id='word_1_763' title='bbox 1031 3517 1092 3577; x_wconf 87' lang='lat' dir='ltr'><strong>pter</strong></span> <span class='ocrx_word' id='word_1_764' title='bbox 1118 3509 1219 3560; x_wconf 79' lang='lat' dir='ltr'><strong>liberor</strong></span> <span class='ocrx_word' id='word_1_765' title='bbox 1243 3512 1361 3561; x_wconf 89' lang='lat' dir='ltr'><strong>retentio</strong></span> <span class='ocrx_word' id='word_1_766' title='bbox 1387 3513 1431 3574; x_wconf 87' lang='lat' dir='ltr'><strong>fit,</strong></span> <span class='ocrx_word' id='word_1_767' title='bbox 1455 3514 1478 3563; x_wconf 81' lang='lat' dir='ltr'><strong>ri</strong></span> <span class='ocrx_word' id='word_1_768' title='bbox 1497 3513 1720 3582; x_wconf 79' lang='lat' dir='ltr'><strong>eulpamulierie</strong></span> <span class='ocrx_word' id='word_1_769' title='bbox 1739 3508 1789 3567; x_wconf 80' lang='lat' dir='ltr'><strong>atu</strong></span> <span class='ocrx_word' id='word_1_770' title='bbox 1807 3516 1902 3584; x_wconf 77' lang='lat' dir='ltr'><strong>patrie,</strong></span> 
     </span>
     <span class='ocr_line' id='line_1_95' title="bbox 1030 3595 1902 3663; baseline 0.007 -19"><span class='ocrx_word' id='word_1_771' title='bbox 1030 3596 1110 3645; x_wconf 78' lang='lat' dir='ltr'><strong>cuiue</strong></span> <span class='ocrx_word' id='word_1_772' title='bbox 1136 3595 1164 3645; x_wconf 91' lang='lat' dir='ltr'><strong>iu</strong></span> <span class='ocrx_word' id='word_1_773' title='bbox 1190 3603 1328 3663; x_wconf 73' lang='lat' dir='ltr'><strong>potestate</strong></span> <span class='ocrx_word' id='word_1_774' title='bbox 1362 3605 1417 3657; x_wconf 80' lang='lat' dir='ltr'><strong>est,</strong></span> <span class='ocrx_word' id='word_1_775' title='bbox 1452 3596 1602 3650; x_wconf 89' lang='lat' dir='ltr'><strong>divortium</strong></span> <span class='ocrx_word' id='word_1_776' title='bbox 1632 3601 1734 3651; x_wconf 86' lang='lat' dir='ltr'><strong>sactum</strong></span> <span class='ocrx_word' id='word_1_777' title='bbox 1760 3602 1803 3652; x_wconf 78' lang='lat' dir='ltr'><strong>rit.</strong></span> <span class='ocrx_word' id='word_1_778' title='bbox 1835 3610 1902 3652; x_wconf 88' lang='lat' dir='ltr'><strong>tuuc</strong></span> 
     </span>
     <span class='ocr_line' id='line_1_96' title="bbox 1030 3679 1905 3748; baseline 0.008 -18"><span class='ocrx_word' id='word_1_779' title='bbox 1030 3680 1102 3730; x_wconf 87' lang='lat' dir='ltr'><strong>enim</strong></span> <span class='ocrx_word' id='word_1_780' title='bbox 1121 3679 1292 3748; x_wconf 73' lang='lat' dir='ltr'><strong>singulorum</strong></span> <span class='ocrx_word' id='word_1_781' title='bbox 1320 3680 1472 3732; x_wconf 84' lang='lat' dir='ltr'><strong>liberorum</strong></span> <span class='ocrx_word' id='word_1_782' title='bbox 1496 3685 1606 3735; x_wconf 87' lang='lat' dir='ltr'><strong>nomine</strong></span> <span class='ocrx_word' id='word_1_783' title='bbox 1630 3693 1725 3737; x_wconf 74' lang='lat' dir='ltr'><strong>sextae</strong></span> <span class='ocrx_word' id='word_1_784' title='bbox 1749 3687 1905 3737; x_wconf 84' lang='lat' dir='ltr'><strong>retinentur</strong></span> 
     </span>
     <span class='ocr_line' id='line_1_97' title="bbox 1030 3763 1902 3838; baseline 0.009 -23"><span class='ocrx_word' id='word_1_785' title='bbox 1030 3781 1062 3815; x_wconf 83' lang='lat' dir='ltr'><strong>ex</strong></span> <span class='ocrx_word' id='word_1_786' title='bbox 1090 3763 1168 3815; x_wconf 88' lang='lat' dir='ltr'><strong>dote:</strong></span> <span class='ocrx_word' id='word_1_787' title='bbox 1198 3781 1254 3815; x_wconf 93' lang='lat' dir='ltr'><strong>non</strong></span> <span class='ocrx_word' id='word_1_788' title='bbox 1278 3765 1371 3832; x_wconf 76' lang='lat' dir='ltr'><strong>plures</strong></span> <span class='ocrx_word' id='word_1_789' title='bbox 1399 3775 1505 3829; x_wconf 90' lang='lat' dir='ltr'><strong>tamen,</strong></span> <span class='ocrx_word' id='word_1_790' title='bbox 1524 3786 1608 3838; x_wconf 85' lang='lat' dir='ltr'><strong>qnam</strong></span> <span class='ocrx_word' id='word_1_791' title='bbox 1627 3778 1681 3821; x_wconf 79' lang='lat' dir='ltr'><strong>tres</strong></span> <span class='ocrx_word' id='word_1_792' title='bbox 1698 3779 1793 3822; x_wconf 78' lang='lat' dir='ltr'><strong>sextae</strong></span> <span class='ocrx_word' id='word_1_793' title='bbox 1812 3772 1840 3822; x_wconf 89' lang='lat' dir='ltr'><strong>in</strong></span> <span class='ocrx_word' id='word_1_794' title='bbox 1860 3789 1902 3823; x_wconf 88' lang='lat' dir='ltr'><strong>re·</strong></span> 
     </span>
     <span class='ocr_line' id='line_1_98' title="bbox 1030 3849 1907 3927; baseline 0.01 -29"><span class='ocrx_word' id='word_1_795' title='bbox 1030 3849 1154 3900; x_wconf 87' lang='lat' dir='ltr'><strong>tentione</strong></span> <span class='ocrx_word' id='word_1_796' title='bbox 1178 3859 1258 3914; x_wconf 80' lang='lat' dir='ltr'><strong>eunt3</strong></span> <span class='ocrx_word' id='word_1_797' title='bbox 1286 3851 1308 3917; x_wconf 91' lang='lat'><strong>5.</strong></span> <span class='ocrx_word' id='word_1_798' title='bbox 1329 3855 1370 3907; x_wconf 86' lang='lat' dir='ltr'><strong>n.</strong></span> <span class='ocrx_word' id='word_1_799' title='bbox 1397 3870 1459 3904; x_wconf 84' lang='lat' dir='ltr'><strong>num</strong></span> <span class='ocrx_word' id='word_1_800' title='bbox 1483 3853 1512 3904; x_wconf 91' lang='lat' dir='ltr'><strong>in</strong></span> <span class='ocrx_word' id='word_1_801' title='bbox 1537 3856 1673 3922; x_wconf 87' lang='lat' dir='ltr'><strong>petitione</strong></span> <span class='ocrx_word' id='word_1_802' title='bbox 1697 3857 1720 3890; x_wconf 84' lang='grc'><strong>00</strong></span> <span class='ocrx_word' id='word_1_803' title='bbox 1745 3856 1808 3918; x_wconf 81' lang='lat' dir='ltr'><strong>doe,</strong></span> <span class='ocrx_word' id='word_1_804' title='bbox 1833 3874 1907 3927; x_wconf 86' lang='lat' dir='ltr'><strong>quae</strong></span> 
     </span>
     <span class='ocr_line' id='line_1_99' title="bbox 1031 3934 2042 4012; baseline 0.007 -27"><span class='ocrx_word' id='word_1_805' title='bbox 1031 3934 1113 3986; x_wconf 82' lang='lat' dir='ltr'><strong>seiuel</strong></span> <span class='ocrx_word' id='word_1_806' title='bbox 1126 3936 1221 3986; x_wconf 85' lang='lat' dir='ltr'><strong>iuncta</strong></span> <span class='ocrx_word' id='word_1_807' title='bbox 1240 3944 1297 3999; x_wconf 76' lang='lat' dir='ltr'><strong>eet,</strong></span> <span class='ocrx_word' id='word_1_808' title='bbox 1316 3937 1434 4005; x_wconf 65' lang='lat' dir='ltr'><strong>amplius</strong></span> <span class='ocrx_word' id='word_1_809' title='bbox 1453 3938 1529 4008; x_wconf 77' lang='lat' dir='ltr'><strong>iungi</strong></span> <span class='ocrx_word' id='word_1_810' title='bbox 1550 3957 1605 3990; x_wconf 88' lang='lat' dir='ltr'><strong>non</strong></span> <span class='ocrx_word' id='word_1_811' title='bbox 1629 3949 1736 4008; x_wconf 80' lang='lat' dir='ltr'><strong>potest,</strong></span> <span class='ocrx_word' id='word_1_812' title='bbox 1762 3943 1816 3993; x_wconf 78' lang='lat' dir='ltr'><strong>nisi</strong></span> <span class='ocrx_word' id='word_1_813' title='bbox 1825 3952 1838 4012; x_wconf 73' lang='grc' dir='ltr'>Η</span> <span class='ocrx_word' id='word_1_814' title='bbox 1851 3943 1903 3994; x_wconf 87' lang='lat' dir='ltr'><strong>ali·</strong></span> <span class='ocrx_word' id='word_1_815' title='bbox 1925 3943 1982 3997; x_wconf 82' lang='lat'><strong>193.</strong></span> <span class='ocrx_word' id='word_1_816' title='bbox 1994 3941 2042 3993; x_wconf 86' lang='lat' dir='ltr'><strong>bn.</strong></span> 
     </span>
     <span class='ocr_line' id='line_1_100' title="bbox 1032 4019 1411 4078; baseline 0.008 -8"><span class='ocrx_word' id='word_1_817' title='bbox 1032 4019 1123 4070; x_wconf 75' lang='grc' dir='ltr'><strong>υι1000</strong></span> <span class='ocrx_word' id='word_1_818' title='bbox 1142 4021 1348 4072; x_wconf 86' lang='lat' dir='ltr'><strong>matrimonium</strong></span> <span class='ocrx_word' id='word_1_819' title='bbox 1367 4023 1411 4078; x_wconf 75' lang='lat' dir='ltr'><strong>sit.</strong></span> 
     </span>
    </p>

    <p class='ocr_par' dir='ltr' id='par_1_28' title="bbox 1031 4105 1910 4600">
     <span class='ocr_line' id='line_1_101' title="bbox 1084 4105 1906 4180; baseline 0.004 -21"><span class='ocrx_word' id='word_1_820' title='bbox 1084 4105 1107 4172; x_wconf 88' lang='lat'><strong>5.</strong></span> <span class='ocrx_word' id='word_1_821' title='bbox 1128 4110 1168 4159; x_wconf 76' lang='lat'><strong>12.</strong></span> <span class='ocrx_word' id='word_1_822' title='bbox 1192 4106 1301 4157; x_wconf 84' lang='lat' dir='ltr'><strong>Morum</strong></span> <span class='ocrx_word' id='word_1_823' title='bbox 1319 4108 1439 4169; x_wconf 90' lang='lat' dir='ltr'><strong>nomine,</strong></span> <span class='ocrx_word' id='word_1_824' title='bbox 1459 4110 1615 4176; x_wconf 86' lang='lat' dir='ltr'><strong>graviorum</strong></span> <span class='ocrx_word' id='word_1_825' title='bbox 1634 4109 1746 4180; x_wconf 88' lang='lat' dir='ltr'><strong>quidem</strong></span> <span class='ocrx_word' id='word_1_826' title='bbox 1765 4119 1842 4161; x_wconf 75' lang='lat' dir='ltr'><strong>serta</strong></span> <span class='ocrx_word' id='word_1_827' title='bbox 1862 4128 1906 4162; x_wconf 88' lang='lat' dir='ltr'><strong>re-</strong></span> 
     </span>
     <span class='ocr_line' id='line_1_102' title="bbox 1031 4192 1906 4262; baseline 0.006 -20"><span class='ocrx_word' id='word_1_828' title='bbox 1031 4193 1138 4243; x_wconf 88' lang='lat' dir='ltr'><strong>tinetur</strong></span> <span class='ocrx_word' id='word_1_829' title='bbox 1164 4192 1205 4257; x_wconf 86' lang='grc'><strong>00,·</strong></span> <span class='ocrx_word' id='word_1_830' title='bbox 1234 4192 1369 4244; x_wconf 83' lang='lat' dir='ltr'><strong>leviorum</strong></span> <span class='ocrx_word' id='word_1_831' title='bbox 1400 4202 1492 4244; x_wconf 84' lang='lat' dir='ltr'><strong>autem</strong></span> <span class='ocrx_word' id='word_1_832' title='bbox 1521 4203 1623 4244; x_wconf 83' lang='lat' dir='ltr'><strong>octava.</strong></span> <span class='ocrx_word' id='word_1_833' title='bbox 1648 4194 1783 4262; x_wconf 74' lang='lat' dir='ltr'><strong>graviorer</strong></span> <span class='ocrx_word' id='word_1_834' title='bbox 1817 4213 1906 4248; x_wconf 82' lang='lat' dir='ltr'><strong>morer</strong></span> 
     </span>
     <span class='ocr_line' id='line_1_103' title="bbox 1033 4274 1906 4349; baseline 0.007 -21"><span class='ocrx_word' id='word_1_835' title='bbox 1033 4285 1099 4328; x_wconf 79' lang='lat' dir='ltr'><strong>runt</strong></span> <span class='ocrx_word' id='word_1_836' title='bbox 1117 4274 1257 4326; x_wconf 79' lang='lat' dir='ltr'><strong>adulteria</strong></span> <span class='ocrx_word' id='word_1_837' title='bbox 1282 4284 1407 4339; x_wconf 72' lang='lat' dir='ltr'><strong>tautum,</strong></span> <span class='ocrx_word' id='word_1_838' title='bbox 1426 4278 1541 4329; x_wconf 77' lang='lat' dir='ltr'><strong>leviores</strong></span> <span class='ocrx_word' id='word_1_839' title='bbox 1565 4296 1658 4330; x_wconf 75' lang='lat' dir='ltr'><strong>uruner</strong></span> <span class='ocrx_word' id='word_1_840' title='bbox 1677 4280 1787 4348; x_wconf 85' lang='lat' dir='ltr'><strong>reliqui.</strong></span> <span class='ocrx_word' id='word_1_841' title='bbox 1821 4282 1906 4349; x_wconf 87' lang='grc'><strong>513.</strong></span> 
     </span>
     <span class='ocr_line' id='line_1_104' title="bbox 1033 4362 1910 4436; baseline 0.008 -24"><span class='ocrx_word' id='word_1_842' title='bbox 1033 4364 1127 4414; x_wconf 79' lang='lat' dir='ltr'><strong>Mariti</strong></span> <span class='ocrx_word' id='word_1_843' title='bbox 1143 4377 1231 4413; x_wconf 83' lang='lat' dir='ltr'><strong>morea</strong></span> <span class='ocrx_word' id='word_1_844' title='bbox 1251 4362 1407 4429; x_wconf 90' lang='lat' dir='ltr'><strong>puniuntur</strong></span> <span class='ocrx_word' id='word_1_845' title='bbox 1426 4362 1453 4412; x_wconf 89' lang='lat' dir='ltr'><strong>iu</strong></span> <span class='ocrx_word' id='word_1_846' title='bbox 1473 4378 1503 4413; x_wconf 89' lang='lat' dir='ltr'><strong>ea</strong></span> <span class='ocrx_word' id='word_1_847' title='bbox 1524 4364 1636 4433; x_wconf 86' lang='lat' dir='ltr'><strong>quidem</strong></span> <span class='ocrx_word' id='word_1_848' title='bbox 1656 4364 1730 4428; x_wconf 88' lang='lat' dir='ltr'><strong>dote,</strong></span> <span class='ocrx_word' id='word_1_849' title='bbox 1750 4383 1822 4436; x_wconf 72' lang='lat' dir='ltr'><strong>quiae</strong></span> <span class='ocrx_word' id='word_1_850' title='bbox 1845 4386 1859 4418; x_wconf 89' lang='lat' dir='ltr'><strong>a</strong></span> <span class='ocrx_word' id='word_1_851' title='bbox 1885 4368 1910 4404; x_wconf 83' lang='grc'><strong>00</strong></span> 
     </span>
     <span class='ocr_line' id='line_1_105' title="bbox 1035 4444 1908 4522; baseline 0.008 -24"><span class='ocrx_word' id='word_1_852' title='bbox 1035 4448 1079 4498; x_wconf 91' lang='lat' dir='ltr'><strong>die</strong></span> <span class='ocrx_word' id='word_1_853' title='bbox 1088 4447 1166 4498; x_wconf 87' lang='lat' dir='ltr'><strong>reddi</strong></span> <span class='ocrx_word' id='word_1_854' title='bbox 1176 4446 1267 4507; x_wconf 84' lang='lat' dir='ltr'><strong>debet,</strong></span> <span class='ocrx_word' id='word_1_855' title='bbox 1277 4448 1315 4496; x_wconf 89' lang='lat' dir='ltr'><strong>ita</strong></span> <span class='ocrx_word' id='word_1_856' title='bbox 1328 4444 1378 4518; x_wconf 74' lang='grc' dir='ltr'><strong>Ιιιι)</strong></span> <span class='ocrx_word' id='word_1_857' title='bbox 1390 4455 1503 4516; x_wconf 82' lang='lat' dir='ltr'><strong>propter</strong></span> <span class='ocrx_word' id='word_1_858' title='bbox 1515 4450 1630 4499; x_wconf 77' lang='lat' dir='ltr'><strong>maiorer</strong></span> <span class='ocrx_word' id='word_1_859' title='bbox 1639 4468 1727 4503; x_wconf 77' lang='lat' dir='ltr'><strong>morer</strong></span> <span class='ocrx_word' id='word_1_860' title='bbox 1738 4463 1908 4522; x_wconf 72' lang='lat' dir='ltr'><strong>prurientem</strong></span> 
     </span>
     <span class='ocr_line' id='line_1_106' title="bbox 1034 4531 1908 4600; baseline 0.01 -17"><span class='ocrx_word' id='word_1_861' title='bbox 1034 4532 1126 4584; x_wconf 88' lang='lat' dir='ltr'><strong>dotem</strong></span> <span class='ocrx_word' id='word_1_862' title='bbox 1144 4531 1242 4583; x_wconf 86' lang='lat' dir='ltr'><strong>reddat</strong></span> <span class='ocrx_word' id='word_1_863' title='bbox 1260 4533 1310 4594; x_wconf 83' lang='grc'><strong>00·;</strong></span> <span class='ocrx_word' id='word_1_864' title='bbox 1329 4541 1443 4600; x_wconf 84' lang='lat' dir='ltr'><strong>propter</strong></span> <span class='ocrx_word' id='word_1_865' title='bbox 1462 4535 1579 4586; x_wconf 80' lang='lat' dir='ltr'><strong>minores</strong></span> <span class='ocrx_word' id='word_1_866' title='bbox 1602 4552 1696 4587; x_wconf 76' lang='lat' dir='ltr'><strong>terrum</strong></span> <span class='ocrx_word' id='word_1_867' title='bbox 1713 4554 1835 4590; x_wconf 74' lang='lat' dir='ltr'><strong>menium</strong></span> <span class='ocrx_word' id='word_1_868' title='bbox 1856 4538 1908 4592; x_wconf 83' lang='lat' dir='ltr'><strong>die.</strong></span> 
     </span>
    </p>
   </div>
   <div class='ocr_carea' id='block_1_20' title="bbox 1035 4778 1917 5674">
    <p class='ocr_par' dir='ltr' id='par_1_29' title="bbox 1035 4778 1917 5674">
     <span class='ocr_line' id='line_1_107' title="bbox 1039 4778 1912 4852; baseline 0.008 -20"><span class='ocrx_word' id='word_1_869' title='bbox 1039 4778 1092 4847; x_wconf 74' lang='lat' dir='ltr'><strong>lltn</strong></span> <span class='ocrx_word' id='word_1_870' title='bbox 1112 4778 1141 4830; x_wconf 83' lang='lat' dir='ltr'><strong>C.</strong></span> <span class='ocrx_word' id='word_1_871' title='bbox 1161 4786 1190 4831; x_wconf 89' lang='lat' dir='ltr'><strong>et</strong></span> <span class='ocrx_word' id='word_1_872' title='bbox 1206 4779 1269 4831; x_wconf 87' lang='lat' dir='ltr'><strong>edd.</strong></span> <span class='ocrx_word' id='word_1_873' title='bbox 1287 4788 1369 4842; x_wconf 79' lang='lat' dir='ltr'><strong>vett.;</strong></span> <span class='ocrx_word' id='word_1_874' title='bbox 1387 4781 1427 4831; x_wconf 80' lang='lat' dir='ltr'><strong>lii.</strong></span> <span class='ocrx_word' id='word_1_875' title='bbox 1446 4781 1545 4832; x_wconf 90' lang='lat' dir='ltr'><strong>maluit</strong></span> <span class='ocrx_word' id='word_1_876' title='bbox 1562 4782 1619 4848; x_wconf 67' lang='lat' dir='ltr'><strong>siu]</strong></span> <span class='ocrx_word' id='word_1_877' title='bbox 1641 4783 1671 4834; x_wconf 83' lang='lat' dir='ltr'><strong>li.</strong></span> <span class='ocrx_word' id='word_1_878' title='bbox 1682 4783 1789 4849; x_wconf 80' lang='lat' dir='ltr'><strong>fuerit.</strong></span> <span class='ocrx_word' id='word_1_879' title='bbox 1825 4788 1860 4852; x_wconf 92' lang='grc'><strong>00)</strong></span> <span class='ocrx_word' id='word_1_880' title='bbox 1880 4787 1912 4839; x_wconf 85' lang='lat' dir='ltr'><strong>li.</strong></span> 
     </span>
     <span class='ocr_line' id='line_1_108' title="bbox 1039 4847 1912 4918; baseline 0.008 -20"><span class='ocrx_word' id='word_1_881' title='bbox 1039 4848 1173 4918; x_wconf 76' lang='lat' dir='ltr'><strong>prebente</strong></span> <span class='ocrx_word' id='word_1_882' title='bbox 1186 4847 1341 4900; x_wconf 66' lang='lat' dir='ltr'><strong>Senium..</strong></span> <span class='ocrx_word' id='word_1_883' title='bbox 1360 4851 1404 4899; x_wconf 82' lang='lat' dir='ltr'><strong>rei</strong></span> <span class='ocrx_word' id='word_1_884' title='bbox 1420 4854 1547 4900; x_wconf 79' lang='lat' dir='ltr'><strong>uxoriae.</strong></span> <span class='ocrx_word' id='word_1_885' title='bbox 1567 4849 1613 4918; x_wconf 81' lang='grc' dir='ltr'><strong>Ιο0)</strong></span> <span class='ocrx_word' id='word_1_886' title='bbox 1626 4850 1654 4901; x_wconf 91' lang='lat' dir='ltr'><strong>C.</strong></span> <span class='ocrx_word' id='word_1_887' title='bbox 1674 4851 1756 4911; x_wconf 67' lang='lat' dir='ltr'><strong>idi„</strong></span> <span class='ocrx_word' id='word_1_888' title='bbox 1774 4853 1838 4903; x_wconf 86' lang='lat' dir='ltr'><strong>inde</strong></span> <span class='ocrx_word' id='word_1_889' title='bbox 1850 4854 1912 4905; x_wconf 82' lang='lat' dir='ltr'><strong>edd.</strong></span> 
     </span>
     <span class='ocr_line' id='line_1_109' title="bbox 1038 4915 1911 4990; baseline 0.006 -23"><span class='ocrx_word' id='word_1_890' title='bbox 1038 4935 1145 4969; x_wconf 81' lang='lat' dir='ltr'><strong>otuuer:</strong></span> <span class='ocrx_word' id='word_1_891' title='bbox 1170 4915 1201 4967; x_wconf 87' lang='lat' dir='ltr'><strong>id</strong></span> <span class='ocrx_word' id='word_1_892' title='bbox 1222 4929 1272 4968; x_wconf 74' lang='lat' dir='ltr'><strong>est.</strong></span> <span class='ocrx_word' id='word_1_893' title='bbox 1296 4915 1391 4967; x_wconf 78' lang='lat' dir='ltr'><strong>schin.</strong></span> <span class='ocrx_word' id='word_1_894' title='bbox 1418 4927 1529 4968; x_wconf 77' lang='lat' dir='ltr'><strong>euentus</strong></span> <span class='ocrx_word' id='word_1_895' title='bbox 1552 4937 1620 4969; x_wconf 74' lang='lat' dir='ltr'><strong>euru.</strong></span> <span class='ocrx_word' id='word_1_896' title='bbox 1640 4921 1659 4968; x_wconf 76' lang='lat' dir='ltr'><strong>li</strong></span> <span class='ocrx_word' id='word_1_897' title='bbox 1680 4920 1696 4990; x_wconf 76' lang='grc'>1</span> <span class='ocrx_word' id='word_1_898' title='bbox 1733 4922 1769 4984; x_wconf 81' lang='grc'><strong>00)</strong></span> <span class='ocrx_word' id='word_1_899' title='bbox 1794 4922 1832 4972; x_wconf 79' lang='lat' dir='ltr'><strong>Ex</strong></span> <span class='ocrx_word' id='word_1_900' title='bbox 1852 4922 1911 4972; x_wconf 89' lang='lat' dir='ltr'><strong>Cui.</strong></span> 
     </span>
     <span class='ocr_line' id='line_1_110' title="bbox 1036 4938 1913 5056; baseline 0.005 -21"><span class='ocrx_word' id='word_1_901' title='bbox 1036 4986 1098 5036; x_wconf 91' lang='lat' dir='ltr'><strong>coni</strong></span> <span class='ocrx_word' id='word_1_902' title='bbox 1114 5001 1122 5047; x_wconf 70' lang='grc' dir='ltr'><strong>ς</strong></span> <span class='ocrx_word' id='word_1_903' title='bbox 1140 4983 1171 5037; x_wconf 88' lang='lat' dir='ltr'><strong>C.</strong></span> <span class='ocrx_word' id='word_1_904' title='bbox 1190 4983 1264 5035; x_wconf 86' lang='lat' dir='ltr'><strong>Edd:</strong></span> <span class='ocrx_word' id='word_1_905' title='bbox 1291 5004 1401 5038; x_wconf 79' lang='lat' dir='ltr'><strong>revera.</strong></span> <span class='ocrx_word' id='word_1_906' title='bbox 1422 4985 1562 5037; x_wconf 75' lang='lat' dir='ltr'><strong>librarius</strong></span> <span class='ocrx_word' id='word_1_907' title='bbox 1583 4990 1609 5038; x_wconf 91' lang='lat' dir='ltr'><strong>in</strong></span> <span class='ocrx_word' id='word_1_908' title='bbox 1630 4938 1716 5056; x_wconf 53' lang='lat' dir='ltr'><strong>sipili:</strong></span> <span class='ocrx_word' id='word_1_909' title='bbox 1738 4993 1765 5040; x_wconf 81' lang='lat' dir='ltr'><strong>li.</strong></span> <span class='ocrx_word' id='word_1_910' title='bbox 1785 4988 1818 5040; x_wconf 86' lang='lat' dir='ltr'><strong>V.</strong></span> <span class='ocrx_word' id='word_1_911' title='bbox 1836 5006 1913 5039; x_wconf 83' lang='lat' dir='ltr'><strong>erre-</strong></span> 
     </span>
     <span class='ocr_line' id='line_1_111' title="bbox 1036 5052 1914 5121; baseline 0.005 -17"><span class='ocrx_word' id='word_1_912' title='bbox 1036 5055 1083 5105; x_wconf 81' lang='lat' dir='ltr'><strong>rit.</strong></span> <span class='ocrx_word' id='word_1_913' title='bbox 1102 5052 1150 5121; x_wconf 82' lang='grc'><strong>000)</strong></span> <span class='ocrx_word' id='word_1_914' title='bbox 1172 5055 1201 5105; x_wconf 89' lang='lat' dir='ltr'><strong>C.</strong></span> <span class='ocrx_word' id='word_1_915' title='bbox 1221 5052 1365 5105; x_wconf 83' lang='lat' dir='ltr'><strong>reddetur.</strong></span> <span class='ocrx_word' id='word_1_916' title='bbox 1400 5055 1436 5116; x_wconf 77' lang='grc'><strong>00)</strong></span> <span class='ocrx_word' id='word_1_917' title='bbox 1456 5057 1497 5106; x_wconf 87' lang='lat' dir='ltr'><strong>lta</strong></span> <span class='ocrx_word' id='word_1_918' title='bbox 1517 5056 1562 5115; x_wconf 81' lang='lat' dir='ltr'><strong>C.;</strong></span> <span class='ocrx_word' id='word_1_919' title='bbox 1581 5056 1655 5107; x_wconf 81' lang='lat' dir='ltr'><strong>Edd:</strong></span> <span class='ocrx_word' id='word_1_920' title='bbox 1675 5060 1731 5108; x_wconf 80' lang='lat' dir='ltr'><strong>nisi</strong></span> <span class='ocrx_word' id='word_1_921' title='bbox 1746 5059 1777 5107; x_wconf 79' lang='lat' dir='ltr'><strong>ai.</strong></span> <span class='ocrx_word' id='word_1_922' title='bbox 1797 5059 1827 5107; x_wconf 88' lang='lat' dir='ltr'><strong>ln</strong></span> <span class='ocrx_word' id='word_1_923' title='bbox 1847 5057 1914 5108; x_wconf 83' lang='lat' dir='ltr'><strong>Coel.</strong></span> 
     </span>
     <span class='ocr_line' id='line_1_112' title="bbox 1037 5123 1913 5193; baseline 0.003 -20"><span class='ocrx_word' id='word_1_924' title='bbox 1037 5123 1217 5173; x_wconf 84' lang='lat' dir='ltr'><strong>nreceutiori</strong></span> <span class='ocrx_word' id='word_1_925' title='bbox 1236 5138 1318 5172; x_wconf 87' lang='lat' dir='ltr'><strong>mauu</strong></span> <span class='ocrx_word' id='word_1_926' title='bbox 1337 5123 1363 5172; x_wconf 82' lang='lat' dir='ltr'><strong>ri</strong></span> <span class='ocrx_word' id='word_1_927' title='bbox 1378 5126 1596 5192; x_wconf 80' lang='lat' dir='ltr'><strong>ariprarcripturn</strong></span> <span class='ocrx_word' id='word_1_928' title='bbox 1622 5134 1670 5176; x_wconf 82' lang='lat' dir='ltr'><strong>ert.</strong></span> <span class='ocrx_word' id='word_1_929' title='bbox 1706 5125 1744 5191; x_wconf 93' lang='grc'><strong>00)</strong></span> <span class='ocrx_word' id='word_1_930' title='bbox 1770 5127 1913 5193; x_wconf 66' lang='lat' dir='ltr'><strong>ingeniosa</strong></span> 
     </span>
     <span class='ocr_line' id='line_1_113' title="bbox 1036 5189 1912 5260; baseline 0.005 -18"><span class='ocrx_word' id='word_1_931' title='bbox 1036 5190 1144 5242; x_wconf 78' lang='lat' dir='ltr'><strong>Ktenaii</strong></span> <span class='ocrx_word' id='word_1_932' title='bbox 1176 5193 1264 5252; x_wconf 66' lang='lat' dir='ltr'><strong>coni,</strong></span> <span class='ocrx_word' id='word_1_933' title='bbox 1296 5189 1325 5240; x_wconf 90' lang='lat' dir='ltr'><strong>C.</strong></span> <span class='ocrx_word' id='word_1_934' title='bbox 1350 5204 1427 5243; x_wconf 76' lang='lat' dir='ltr'><strong>sterit.</strong></span> <span class='ocrx_word' id='word_1_935' title='bbox 1461 5210 1519 5242; x_wconf 83' lang='lat' dir='ltr'><strong>rien</strong></span> <span class='ocrx_word' id='word_1_936' title='bbox 1553 5196 1723 5260; x_wconf 74' lang='lat' dir='ltr'><strong>inpetitione</strong></span> <span class='ocrx_word' id='word_1_937' title='bbox 1747 5191 1814 5244; x_wconf 74' lang='lat' dir='ltr'><strong>ilex.</strong></span> <span class='ocrx_word' id='word_1_938' title='bbox 1840 5193 1912 5246; x_wconf 82' lang='lat' dir='ltr'><strong>Edd:</strong></span> 
     </span>
     <span class='ocr_line' id='line_1_114' title="bbox 1035 5259 1915 5327; baseline 0.007 -19"><span class='ocrx_word' id='word_1_939' title='bbox 1035 5271 1113 5318; x_wconf 85' lang='lat' dir='ltr'><strong>sunt,</strong></span> <span class='ocrx_word' id='word_1_940' title='bbox 1125 5275 1185 5308; x_wconf 85' lang='lat' dir='ltr'><strong>non</strong></span> <span class='ocrx_word' id='word_1_941' title='bbox 1203 5261 1234 5309; x_wconf 89' lang='lat' dir='ltr'><strong>in</strong></span> <span class='ocrx_word' id='word_1_942' title='bbox 1251 5259 1395 5327; x_wconf 83' lang='lat' dir='ltr'><strong>petitione.</strong></span> <span class='ocrx_word' id='word_1_943' title='bbox 1416 5260 1439 5325; x_wconf 86' lang='lat'><strong>5.</strong></span> <span class='ocrx_word' id='word_1_944' title='bbox 1452 5264 1490 5312; x_wconf 85' lang='lat' dir='ltr'><strong>ii.</strong></span> <span class='ocrx_word' id='word_1_945' title='bbox 1510 5264 1569 5311; x_wconf 75' lang='lat' dir='ltr'><strong>Das</strong></span> <span class='ocrx_word' id='word_1_946' title='bbox 1586 5274 1636 5312; x_wconf 85' lang='lat' dir='ltr'><strong>ete.</strong></span> <span class='ocrx_word' id='word_1_947' title='bbox 1656 5262 1688 5312; x_wconf 85' lang='lat' dir='ltr'><strong>ll.</strong></span> <span class='ocrx_word' id='word_1_948' title='bbox 1707 5263 1793 5312; x_wconf 79' lang='lat' dir='ltr'><strong>cuni:</strong></span> <span class='ocrx_word' id='word_1_949' title='bbox 1817 5265 1850 5314; x_wconf 82' lang='lat' dir='ltr'><strong>ln</strong></span> <span class='ocrx_word' id='word_1_950' title='bbox 1869 5281 1915 5314; x_wconf 83' lang='lat' dir='ltr'><strong>re-</strong></span> 
     </span>
     <span class='ocr_line' id='line_1_115' title="bbox 1037 5324 1913 5449; baseline 0.006 -73"><span class='ocrx_word' id='word_1_951' title='bbox 1037 5329 1173 5385; x_wconf 82' lang='lat' dir='ltr'><strong>tentione,</strong></span> <span class='ocrx_word' id='word_1_952' title='bbox 1191 5324 1242 5377; x_wconf 80' lang='lat' dir='ltr'><strong>sed</strong></span> <span class='ocrx_word' id='word_1_953' title='bbox 1257 5343 1315 5376; x_wconf 83' lang='lat' dir='ltr'><strong>non</strong></span> <span class='ocrx_word' id='word_1_954' title='bbox 1334 5329 1365 5378; x_wconf 87' lang='lat' dir='ltr'><strong>in</strong></span> <span class='ocrx_word' id='word_1_955' title='bbox 1383 5331 1522 5396; x_wconf 81' lang='lat' dir='ltr'><strong>petitione</strong></span> <span class='ocrx_word' id='word_1_956' title='bbox 1541 5328 1591 5379; x_wconf 84' lang='lat' dir='ltr'><strong>dar</strong></span> <span class='ocrx_word' id='word_1_957' title='bbox 1609 5341 1660 5379; x_wconf 77' lang='lat' dir='ltr'><strong>eeu</strong></span> <span class='ocrx_word' id='word_1_958' title='bbox 1696 5330 1744 5449; x_wconf 58' lang='grc'><strong>000)</strong></span> <span class='ocrx_word' id='word_1_959' title='bbox 1763 5329 1794 5382; x_wconf 87' lang='lat' dir='ltr'><strong>C.</strong></span> <span class='ocrx_word' id='word_1_960' title='bbox 1818 5331 1913 5383; x_wconf 84' lang='lat' dir='ltr'><strong>aliurn.</strong></span> 
     </span>
     <span class='ocr_line' id='line_1_116' title="bbox 1037 5393 1915 5464; baseline 0.008 -20"><span class='ocrx_word' id='word_1_961' title='bbox 1037 5397 1076 5461; x_wconf 79' lang='grc'><strong>00)</strong></span> <span class='ocrx_word' id='word_1_962' title='bbox 1095 5394 1269 5457; x_wconf 87' lang='lat' dir='ltr'><strong>Cuni.·Cni.;</strong></span> <span class='ocrx_word' id='word_1_963' title='bbox 1287 5393 1316 5447; x_wconf 89' lang='lat' dir='ltr'><strong>C.</strong></span> <span class='ocrx_word' id='word_1_964' title='bbox 1334 5409 1414 5446; x_wconf 75' lang='lat' dir='ltr'><strong>sexte</strong></span> <span class='ocrx_word' id='word_1_965' title='bbox 1430 5398 1600 5451; x_wconf 76' lang='lat' dir='ltr'><strong>retinentur.</strong></span> <span class='ocrx_word' id='word_1_966' title='bbox 1619 5397 1653 5463; x_wconf 85' lang='grc'><strong>00)</strong></span> <span class='ocrx_word' id='word_1_967' title='bbox 1664 5399 1705 5448; x_wconf 91' lang='lat' dir='ltr'><strong>ltu</strong></span> <span class='ocrx_word' id='word_1_968' title='bbox 1748 5437 1754 5449; x_wconf 93' lang='lat'><strong>.</strong></span> <span class='ocrx_word' id='word_1_969' title='bbox 1773 5407 1801 5450; x_wconf 86' lang='lat' dir='ltr'><strong>et</strong></span> <span class='ocrx_word' id='word_1_970' title='bbox 1811 5399 1915 5464; x_wconf 78' lang='lat' dir='ltr'><strong>ii.;aed</strong></span> 
     </span>
     <span class='ocr_line' id='line_1_117' title="bbox 1040 5462 1913 5519; baseline 0.006 -5"><span class='ocrx_word' id='word_1_971' title='bbox 1040 5463 1146 5515; x_wconf 84' lang='lat' dir='ltr'><strong>Selrult.</strong></span> <span class='ocrx_word' id='word_1_972' title='bbox 1163 5462 1285 5514; x_wconf 87' lang='lat' dir='ltr'><strong>&#39;Cuiaeii</strong></span> <span class='ocrx_word' id='word_1_973' title='bbox 1304 5465 1491 5515; x_wconf 87' lang='lat' dir='ltr'><strong>coniecturum</strong></span> <span class='ocrx_word' id='word_1_974' title='bbox 1509 5473 1634 5515; x_wconf 69' lang='lat' dir='ltr'><strong>recatus:</strong></span> <span class='ocrx_word' id='word_1_975' title='bbox 1653 5483 1752 5517; x_wconf 80' lang='lat' dir='ltr'><strong>arnum</strong></span> <span class='ocrx_word' id='word_1_976' title='bbox 1771 5466 1842 5519; x_wconf 80' lang='lat' dir='ltr'><strong>bima</strong></span> <span class='ocrx_word' id='word_1_977' title='bbox 1861 5471 1913 5519; x_wconf 83' lang='lat' dir='ltr'><strong>tri—</strong></span> 
     </span>
     <span class='ocr_line' id='line_1_118' title="bbox 1040 5531 1917 5606; baseline 0.009 -25"><span class='ocrx_word' id='word_1_978' title='bbox 1040 5550 1092 5583; x_wconf 81' lang='lat' dir='ltr'><strong>ma.</strong></span> <span class='ocrx_word' id='word_1_979' title='bbox 1127 5531 1188 5599; x_wconf 73' lang='lat'><strong>[⁴⁶¹)</strong></span> <span class='ocrx_word' id='word_1_980' title='bbox 1206 5531 1300 5584; x_wconf 78' lang='lat' dir='ltr'><strong>Seliili.</strong></span> <span class='ocrx_word' id='word_1_981' title='bbox 1319 5532 1454 5584; x_wconf 78' lang='lat' dir='ltr'><strong>euadente</strong></span> <span class='ocrx_word' id='word_1_982' title='bbox 1469 5533 1594 5583; x_wconf 80' lang='lat' dir='ltr'><strong>voeralam</strong></span> <span class='ocrx_word' id='word_1_983' title='bbox 1611 5545 1642 5583; x_wconf 84' lang='lat' dir='ltr'><strong>ut</strong></span> <span class='ocrx_word' id='word_1_984' title='bbox 1653 5535 1765 5587; x_wconf 76' lang='lat' dir='ltr'><strong>inserui.</strong></span> <span class='ocrx_word' id='word_1_985' title='bbox 1785 5535 1819 5590; x_wconf 85' lang='lat' dir='ltr'><strong>H.</strong></span> <span class='ocrx_word' id='word_1_986' title='bbox 1838 5536 1917 5606; x_wconf 87' lang='lat' dir='ltr'><strong>prob.</strong></span> 
     </span>
     <span class='ocr_line' id='line_1_119' title="bbox 1039 5600 1817 5674; baseline 0.006 -22"><span class='ocrx_word' id='word_1_987' title='bbox 1039 5601 1093 5652; x_wconf 75' lang='lat' dir='ltr'><strong>ut:</strong></span> <span class='ocrx_word' id='word_1_988' title='bbox 1111 5613 1291 5670; x_wconf 71' lang='lat' dir='ltr'><strong>praesentem</strong></span> <span class='ocrx_word' id='word_1_989' title='bbox 1308 5600 1419 5664; x_wconf 79' lang='lat' dir='ltr'><strong>reddit,</strong></span> <span class='ocrx_word' id='word_1_990' title='bbox 1437 5602 1537 5653; x_wconf 73' lang='lat' dir='ltr'><strong>omina</strong></span> <span class='ocrx_word' id='word_1_991' title='bbox 1555 5616 1621 5654; x_wconf 81' lang='lat' dir='ltr'><strong>voce</strong></span> <span class='ocrx_word' id='word_1_992' title='bbox 1639 5600 1740 5656; x_wconf 82' lang='lat' dir='ltr'><strong>dotem.</strong></span> <span class='ocrx_word' id='word_1_993' title='bbox 1759 5604 1817 5674; x_wconf 65' lang='lat' dir='ltr'><strong>ng]</strong></span> 
     </span>
    </p>
   </div>
   <div class='ocr_carea' id='block_1_21' title="bbox 0 0 2302 6562">
    <p class='ocr_par' dir='ltr' id='par_1_30' title="bbox 0 0 2302 6562">
     <span class='ocr_line' id='line_1_120' title="bbox 0 0 2302 6562; baseline 0 0"><span class='ocrx_word' id='word_1_994' title='bbox 0 0 2302 6562; x_wconf 95' lang='lat' dir='ltr'><strong> </strong></span> 
     </span>
    </p>
   </div>
  </div>
 </body>
</html>
