4560 6562
2076 350 2079 354 ’
2112 353 2206 440 ‘rso

643 357 767 435 IULII
787 355 966 433 PAULLI
990 357 1101 436 tm
1119 359 1253 436 SENT·
1279 358 1369 435 ΠΒ.
1395 358 1578 458 QUART.
1602 357 1711 436 V111.
1735 355 1773 452 §-
1795 355 1961 434 25...X.

405 559 588 631 deportantur
603 551 648 606 rei
664 552 735 605 servi
750 563 855 621 poenae
867 550 891 586 n
909 549 999 603 effecti
1017 556 1091 616 sunt,
1107 552 1214 620 placuit
1230 552 1282 602 ob-
1329 555 1391 605 se¹²
1409 558 1503 622 partus
1520 549 1654 603 maturior
1666 549 1688 585 ¹³
1708 548 1846 610 rideatur.
1898 549 1918 623 5.
1933 552 1960 604 6.
1995 549 2204 608 Ahorsussetu

335 684 337 688 »
405 645 530 706 servari,
553 642 577 693 si
593 656 643 712 per
659 639 753 692 omnia
772 639 803 690 iu
819 638 957 705 integrum
975 637 1148 705 indulgentia
1173 640 1280 708 prinei·
1326 638 1441 690 abactor
1459 644 1555 690 venter
1573 643 1682 706 partum
1702 635 1807 688 efficere
1824 653 1881 689 non
1900 636 2017 690 videtur.
2068 638 2131 709 57.
2158 641 2203 693 ιε.

405 732 490 803 eipali
517 728 703 783 restituantur.
742 795 745 800 ὴ
778 723 798 795 5
826 724 867 777 05.
903 723 953 776 Pro
981 722 1083 777 herede
1116 741 1209 794 gerere
1238 732 1281 777 est
1327 724 1436 776 hertina
1455 731 1486 776 ut
1504 724 1547 773 ius
1573 722 1724 776 liberorum
1743 722 1874 794 consequi
1892 725 1998 792 possit,
2024 734 2126 795 quater
2143 744 2202 781 m

405 817 590 879 destinatione
608 813 695 866 futuri
713 810 831 863 dominii
852 809 959 881 aliquid
980 827 1014 862 ex
1034 810 1209 865 hereditariis
1234 829 1278 865 re·
1326 812 1467 880 peperisse
1477 813 1499 844 ¹⁵
1516 806 1623 863 sufficit.
1697 808 1717 880 5.
1736 811 1760 862 8.
1796 809 1895 861 Latina
1915 811 2037 880 ingenua
2067 812 2112 862 ius
2135 812 2203 882 Qui.

404 906 458 959 hus
476 917 618 972 usurpare.
643 907 672 950 et
690 899 752 951 ideo
771 915 820 967 pro
837 895 940 949 herede
963 913 1057 964 gerere
1084 897 1194 950 videtur
1229 899 1278 969 qui
1327 898 1422 948 sitium
1441 902 1589 948 consecuta
1613 893 1636 947 si
1655 900 1698 946 ter
1719 897 1828 965 peperit
1841 895 1878 958 ¹⁶,
1908 895 1944 946 ad
1974 896 2131 965 legitimam
2152 900 2202 952 filit

402 989 552 1046 fundorum
569 985 799 1039 hereditariorum
818 983 971 1036 culturas²⁵
988 985 1164 1055 rationesque
1181 985 1279 1053 dispo·
1325 982 1507 1037 hereditatem
1537 979 1710 1034 admittitur:
1740 996 1797 1034 non
1824 989 1868 1034 est
1894 982 1967 1033 enim
1992 985 2200 1039 mamimus,

403 1079 464 1139 nit,
483 1084 512 1131 et
530 1075 578 1148 qui
596 1073 681 1126 sorvis
698 1070 890 1133 hereditariis.
909 1072 1050 1134 iumentis,
1081 1070 1197 1124 rebusve
1215 1072 1277 1124 aliis
1326 1072 1346 1143 5.
1363 1090 1388 1141 9.
1423 1071 1468 1122 Ius
1488 1069 1639 1121 liberorum
1656 1075 1743 1120 mater
1768 1066 1854 1121 babet
1882 1084 1953 1138 quae
1979 1076 2036 1121 tres
2056 1070 2130 1123 filios
2155 1079 2199 1124 ant

404 1165 500 1216 utitur.
571 1159 593 1230 5.
612 1161 656 1217 26.
691 1159 732 1210 lix
749 1157 877 1228 pluribus
899 1156 1048 1216 heredibus
1062 1151 1222 1227 ‘iisdemque
1236 1158 1279 1209 le·
1325 1157 1430 1221 habet,
1448 1164 1496 1208 aut
1513 1154 1631 1216 habuit,
1650 1161 1700 1204 aut
1716 1170 1810 1224 neque
1821 1152 1905 1206 habet
1917 1170 2009 1225 neque
2023 1154 2136 1213 habuit.
2153 1156 2200 1209 hs·

402 1250 505 1322 smmi!
537 1247 610 1317 ⁸3<lui
647 1246 790 1298 ὓωῑῦθῐῐῦῑ
807 1243 990 1297 hereditatem
1021 1246 1066 1299 vel
1091 1246 1122 1297 in
1149 1243 1277 1296 adeundo
1325 1243 1393 1305 bet.
1416 1245 1640 1311 cuisupersunt5
1656 1239 1757 1293 habuit
1782 1255 1855 1311 quae
1877 1243 1986 1306 amisit3
2009 1257 2106 1312 neque
2122 1240 2201 1296 habet

406 362 495 443 119*

306 1373 307 1383 .
403 1335 495 1405 aliqua
514 1333 622 1385 ratione
641 1329 747 1385 luerint
765 1328 911 1400 impediti,
934 1330 994 1394 his,
1013 1332 1061 1400 qui
1072 1329 1215 1393 adierunt,
1233 1328 1277 1380 rel
1324 1346 1416 1400 neque
1436 1329 1536 1381 habuit
1569 1343 1641 1399 quae
1674 1327 1811 1379 beneficio
1838 1327 1973 1397 principia
1988 1328 2033 1379 iur
2054 1328 2202 1383 liberorum

402 1437 498 1474 eornm
533 1417 683 1472 heredibus
715 1419 902 1469 emittentium
929 1418 1071 1486 portiones
1111 1422 1277 1472 accrescunt.
1324 1425 1471 1469 consecuta
1492 1422 1542 1471 est.

403 1507 479 1580 quod
506 1509 536 1559 in
559 1503 661 1558 herede
688 1503 817 1556 instituto
845 1519 907 1553 eum
945 1504 993 1573 qui
1012 1511 1155 1572 acceperat
1175 1503 1278 1554 substi-
1325 1503 1345 1574 §.
1362 1521 1402 1570 pn.
1421 1501 1462 1574 [u]
1500 1503 1594 1555 Meter·
1610 1501 1794 1571 perfruitum
1812 1496 1993 1563 excladisur,
2015 1501 2199 1556 etinssacees·

400 1600 494 1652 tutum
505 1591 527 1628 ⁷⁶
552 1591 662 1643 evenire
680 1605 738 1641 non
762 1589 881 1657 poterit:
912 1587 1018 1643 diversa
1043 1590 1117 1643 enim
1135 1604 1216 1642 causa
1235 1595 1278 1640 eat
1323 1592 1427 1642 sionem
1437 1590 1535 1660 frater
1555 1604 1615 1640 eum
1633 1579 1730 1640 sorore
1747 1603 1839 1658 usquo
1857 1585 2084 1644 aerteaueeeda's.
2107 1587 2201 1660 quodsi

402 1678 499 1749 scripti
519 1682 548 1729 et
564 1675 691 1744 legitimi.
1323 1677 1413 1744 freter
1429 1672 1567 1746 desuerit,
1595 1685 1684 1726 muter
1700 1685 1726 1726 es
1741 1673 1838 1744 filiae,
1863 1684 1988 1746 qmmoe
1998 1673 2132 1744 ficariae,
2156 1693 2200 1730 os·

423 1840 542 1884 err-rx.
566 1840 607 1880 au
629 1837 761 1878 scurrus
785 1835 969 1878 consumere
993 1820 1259 1880 narentanorum·
1324 1762 1420 1836 quates
1439 1770 1581 1829 “mmm
1597 1771 1748 1831 ''mm'‘

401 1942 421 2013 5.
443 1959 462 1995 ι.
498 1941 676 2010 Maluentum
698 1940 833 2009 ingenuae
856 1955 938 2008 quam
958 1937 1195 1992 libertinaecives
1223 1941 1276 1993 lio·
1344 1957 1407 1998 τιτ.
1430 1959 1458 1997 x.
1501 1956 1541 1996 an
1572 1953 1707 1998 senatres
1737 1955 1923 1997 consumuat
1941 1943 2191 1999 oarutrtam¹·

396 2040 515 2090 suanae,
536 2034 567 2079 ut
589 2027 631 2077 ius
650 2024 802 2078 liberorum
821 2030 984 2076 consecutae
1003 2025 1168 2089 videantur,
1185 2037 1229 2078 ter
1249 2035 1277 2079 et
1814 2059 1816 2063 .

402 2118 499 2183 quater
517 2112 656 2182 peperisse
676 2110 798 2171 sufficiet,
816 2109 1053 2162 dummodovivos
1074 2112 1275 2180 etplenitem-
1325 2107 1388 2178 51.
1424 2107 1491 2160 Filii
1511 2107 1592 2176 vulgo
1611 2107 1730 2178 quaesiti
1749 2105 1784 2159 ad
1802 2106 1953 2177 legitimam
1974 2109 2074 2186 matris
2092 2110 2198 2163 heredi·

398 2199 632 2267 perruperunt
704 2196 765 2268 50.
802 2195 1025 2265 Quae³semel⁴
1043 2212 1099 2246 uno
1110 2204 1187 2266 partu
1199 2202 1277 2250 tros⁵
1323 2200 1406 2247 satem
1426 2194 1546 2263 aspirare
1564 2209 1621 2245 non
1648 2191 1851 2261 probibentur,
1887 2194 1953 2263 quia
1972 2195 2033 2262 pari
2065 2195 2144 2257 iure,
2170 2203 2201 2247 ul

398 2283 472 2336 filios
491 2283 581 2335 edidit
610 2284 653 2333 ius
685 2283 835 2333 liberorum
854 2298 909 2332 nou
921 2284 1112 2351 consequitur:
1132 2285 1273 2334 nonenim
1325 2281 1445 2345 ipsorum
1467 2279 1616 2341 matribus,
1635 2278 1674 2332 itt
1693 2280 1760 2349 ipris
1778 2288 1893 2330 malrum
1912 2277 2084 2330 hereditates
2099 2280 2200 2332 deferri

400 2379 444 2423 ter
464 2371 615 2439 peperisse,
641 2368 793 2418 sedsemel
819 2375 925 2436 partum
945 2367 1049 2418 fudisse
1070 2368 1190 2434 videtum
1220 2370 1274 2420 nisi
1326 2365 1490 2422 debuerunt.
1562 2364 1582 2435 5
1601 2383 1624 2418 n.
1660 2366 1701 2417 Ad
1714 2366 1799 2416 liliam
1814 2364 1941 2416 ancillam
1958 2366 2003 2415 rel
2020 2364 2154 2416 libertam
2167 2381 2199 2416 en

397 2455 471 2506 sorte
490 2471 541 2521 per
564 2453 709 2504 intervalla
730 2455 827 2521 pariat.
900 2451 920 2522 5.
941 2453 987 2506 3.⁶
1021 2453 1125 2505 Mulier
1154 2455 1177 2503 si
1197 2471 1275 2505 snou-
1325 2459 1435 2501 senatus
1453 2451 1577 2502 consulto
1596 2450 1749 2503 Claudiano
1769 2453 1895 2502 effectam
1911 2451 2028 2519 legitima
2045 2454 2146 2503 matris
2157 2453 2200 2504 in·

399 2543 538 2593 strosum²
559 2536 666 2608 aliquid
686 2544 733 2588 aut
751 2536 938 2606 prodigiosum
957 2539 1038 2589 enixa
1055 2539 1090 2588 sit
1102 2576 1109 2601 ,
1123 2539 1194 2590 nihil
1212 2558 1276 2609 pro·

399 2625 479 2681 ficia:
503 2641 560 2677 non
584 2632 649 2674 sunt
667 2624 740 2673 enim
770 2623 851 2674 liberi
884 2622 933 2691 qui
962 2618 1056 2675 eont'ra
1082 2625 1196 2676 formam
1223 2626 1277 2676 hu-

399 2713 474 2770 mani
494 2711 600 2782 generis
618 2723 747 2762 converso
767 2725 842 2760 more
862 2717 1045 2776 procreantur.
1115 2710 1138 2781 §.
1154 2711 1178 2777 4.
1213 2710 1276 2760 Par-

399 2803 476 2862 ium,
503 2800 549 2869 qui
581 2794 764 2846 membrorum
792 2794 973 2846 humanorum
993 2795 1078 2847 cilicia
1095 2795 1276 2866 duplicaret,

400 2885 467 2959 quia
484 2883 536 2934 hae
554 2883 681 2933 ratione⁹
700 2881 876 2952 aliquatenus
893 2879 1002 2932 videtur
1020 2884 1130 2933 effectus
1142 2887 1177 2945 ¹⁰,
1195 2883 1276 2936 matri

396 2970 529 3043 prodesse
549 2967 690 3038 placuit¹¹.
763 2965 783 3037 5.
803 2968 826 3019 5.
863 2965 986 3036 Septimo
1006 2982 1098 3018 mense
1120 2976 1200 3020 natus
1218 2985 1277 3020 ma-

397 3061 436 3111 tri
456 3055 582 3126 prodests
608 3054 679 3107 ratio
700 3055 774 3111 enim
794 3052 971 3120 Pythagoraei
989 3056 1097 3105 numeri
1116 3055 1168 3105 hoc
1195 3053 1274 3106 vide-

397 3152 443 3197 tur
459 3141 626 3204 admittere,
644 3145 675 3191 ut
693 3146 741 3191 aut
759 3139 877 3209 septimo
893 3138 979 3209 pleno
1002 3146 1051 3190 aut
1072 3141 1179 3192 decimo
1195 3156 1276 3192 men·

397 3422 425 3475 S.
444 3420 553 3472 omisso.
575 3417 657 3469 Goth.
676 3423 784 3472 emisso.
850 3420 895 3489 74)
916 3421 945 3474 Β,
966 3421 993 3472 5.
1015 3418 1076 3469 Cui.
1104 3421 1148 3472 66.
1169 3419 1272 3472 Gener.

394 3506 471 3570 ''⁰³‘'
496 3489 753 3611 illiniti..
778 3488 952 3611 lillis·
965 3487 1276 3612 tntitittstlli}

344 3638 347 3645 '
395 3570 649 3681 :didicissemus
668 3628 739 3684 im.
761 3578 821 3678 dui.
842 3597 886 3684 66.
914 3631 956 3683 86.
992 3577 1110 3693 Genevi;
1139 3631 1189 3683 riu.
1210 3645 1273 3680 vero

396 3699 427 3748 ln
445 3705 550 3747 textum
570 3696 682 3765 quidem
702 3698 778 3749 iliam
799 3696 905 3748 Cuiacii
932 3696 1153 3748 emendationem
1174 3701 1275 3766 recipl-

398 3780 446 3816 eus
465 3766 647 3825 nihilominus
668 3774 696 3815 et
716 3766 815 3827 verba,
841 3768 944 3837 quibus
968 3767 1098 3818 mendum
1116 3770 1274 3820 inesseCu-

398 3837 483 3885 tacius
504 3843 641 3894 senserat,
661 3836 783 3886 retinuit,
803 3853 862 3888 cuns
877 3840 958 3905 piane
970 3836 1118 3889 delendum
1137 3853 1194 3889 esse
1210 3855 1274 3889 cen·

398 3904 539 3954 sctl'aber
558 3903 631 3970 apud
652 3903 763 3953 Mearm.

467 3973 509 4022 IX.
551 3972 574 4042 ι)
596 3971 665 4022 Huic
687 3970 813 4025 rubricae
832 3974 893 4025 Cui.
914 3975 956 4027 58.
984 3972 1059 4025 huuc
1081 3973 1170 4024 locum
1207 3976 1274 4025 ossi-

395 4042 507 4108 gnavit;
528 4041 595 4092 alins
612 4040 852 4110 legebaturpost§.
868 4059 891 4110 p.
909 4041 1041 4093 lruiustit.
1081 4045 1108 4112 a)
1120 4044 1163 4094 Bu.
1176 4044 1274 4111 plenos

396 4113 536 4178 ternporis.
610 4111 637 4179 3)
665 4111 768 4162 Gener.
795 4111 858 4161 ttist.
878 4111 983 4162 Mulier
1006 4128 1086 4178 quoe.
1140 4115 1167 4177 4)
1186 4112 1275 4162 Faber

397 4183 466 4229 cuni.
485 4179 577 4239 simul,
595 4195 648 4246 arg.
666 4179 685 4231 i.
710 4181 749 4234 15.
772 4181 803 4230 D.
826 4182 859 4230 de
880 4189 953 4230 statu
982 4179 1085 4230 hornia.
1159 4182 1185 4251 5)
1212 4180 1273 4236 Sav.

397 4249 477 4300 Goth.
502 4249 577 4304 Mon.
598 4249 623 4298 S.
646 4246 706 4298 Cui.
726 4251 767 4301 66.
788 4253 831 4304 86.
851 4249 952 4300 Gener.
981 4253 1030 4299 Au.
1054 4263 1109 4303 tres
1124 4250 1170 4300 vel
1194 4248 1272 4302 duos.

396 4319 442 4369 Bo.
449 4318 557 4386 fratres
567 4319 615 4371 vei
622 4316 698 4370 duos.
712 4319 771 4368 Cui.
784 4320 837 4380 58.,
849 4335 930 4388 quam
940 4320 1064 4387 reliquae
1078 4318 1139 4370 edd.
1149 4336 1272 4389 sequun-

397 4392 459 4449 tur,
476 4403 532 4437 non
552 4391 659 4456 accepit
678 4389 724 4440 uel
744 4386 819 4442 duos.
871 4389 900 4459 6)
921 4390 969 4440 riu.
987 4389 1021 4438 ad
1041 4389 1190 4446 honorent.
1206 4391 1223 4442 i.
1237 4408 1271 4440 m.

396 4455 483 4508 hahet
516 4473 581 4518 ..ex
603 4459 623 4507 l.
658 4459 695 4510 ι5.
724 4459 758 4508 de
786 4465 857 4510 statu
876 4457 1064 4523 hominum”;
1098 4461 1172 4527 quod
1191 4459 1271 4511 Fabr.

396 4534 470 4577 reete
491 4528 591 4578 omisit.
610 4543 672 4579 nam
700 4527 763 4578 vide
782 4536 874 4577 annot
899 4546 935 4580 ιι.
1010 4528 1036 4595 7)
1073 4527 1174 4581 Gener.
1194 4548 1272 4583 mors-

394 4606 540 4647 struosnm.
611 4597 638 4665 8)
666 4597 706 4647 lta
732 4595 789 4647 Sar.
809 4596 892 4650 Goth.
913 4597 987 4649 Mon.
1008 4599 1053 4647 llo.
1080 4596 1108 4649 S.
1138 4599 1198 4653 Cui.
1226 4601 1270 4651 66.

388 4665 439 4727 86.
461 4663 562 4715 Gener.
578 4665 638 4726 Au,
658 4667 744 4716 etsie
763 4668 954 4733 interpretatio
973 4665 1117 4736 duplicata
1144 4669 1271 4719 membro.

396 4737 459 4783 cett
480 4733 542 4784 edd.
568 4749 601 4783 en
625 4733 730 4785 emend.
757 4735 816 4786 Cui.
838 4738 995 4804 ampliauit.
1090 4736 1122 4806 9)
1149 4734 1209 4792 Cui.
1228 4741 1269 4788 58.

396 4801 477 4854 Febr.
498 4819 549 4852 om.
567 4802 620 4855 isne
640 4806 760 4856 ratione.
799 4807 844 4857 Bo.
866 4805 950 4860 Goth.
970 4806 1022 4857 lroc
1039 4823 1062 4857 r.
1125 4805 1165 4874 ιο)
1186 4805 1269 4862 Goth.

397 4872 443 4924 uo.
466 4872 492 4923 S.
511 4869 642 4939 fficium.
702 4883 743 4937 ιι)
763 4873 791 4922 L.
816 4877 854 4939 rip
877 4875 906 4922 D.
930 4874 965 4924 de
983 4882 1053 4924 statu
1073 4874 1212 4925 homiuum
1228 4878 1270 4927 iu·

397 4941 497 5010 scripta
523 4942 639 4993 Paullus
663 4941 736 4993 libro
760 4943 806 4993 IV.
834 4955 949 4996 sentent.
975 4944 1042 4995 haec
1068 4943 1171 5000 habet:
1207 4945 1270 4996 Non

1324 2543 1440 2588 testatae
1463 2522 1600 2588 hereditas
1625 2538 1764 2607 pertinere
1792 2554 1850 2589 non
1875 2544 1979 2606 potest,
2006 2538 2074 2605 quia
2102 2552 2201 2607 neque

1325 2624 1395 2673 servi
1414 2638 1504 2694 neque
1523 2623 1618 2676 liberti
1642 2630 1754 2676 matrem
1780 2624 1887 2675 civilem
1906 2621 2004 2674 hahere
2030 2621 2200 2691 intelligun-

1325 2712 1380 2761 tur'.
1452 2709 1513 2780 53.
1549 2708 1594 2761 Ad
1608 2710 1758 2778 legitimam
1777 2710 1923 2762 intestatae
1940 2709 2032 2760 matris
2058 2708 2199 2762 heredita-

1326 2804 1382 2848 tem
1401 2796 1454 2847 lilii
1472 2797 1543 2847 cives
1561 2796 1685 2858 Romani,
1704 2812 1760 2847 nou
1778 2796 1864 2848 etiarn
1880 2797 1988 2859 batim,
2005 2796 2198 2849 admittuntur.

1325 2884 1397 2933 cives
1416 2888 1507 2934 autem
1536 2881 1670 2935 Romanos
1689 2899 1722 2933 co
1747 2890 1871 2952 ternpore
1898 2898 1956 2935 esse
1982 2888 2113 2953 oportet,
2143 2899 2197 2952 quo

1325 2966 1359 3017 ab
1379 2967 1477 3018 iisdem
1501 2966 1627 3036 legitima
1653 2967 1794 3020 hereditas
1822 2967 1942 3020 aditur².
2014 2967 2034 3039 5.
2052 2968 2077 3035 l.
2112 2967 2197 3019 Filius

1322 3062 1473 3105 maternam
1488 3053 1669 3106 hereditatem
1690 3053 1871 3124 eamdemque
1898 3053 2050 3125 legitimam
2077 3053 2133 3106 nisi
2150 3052 2196 3104 so-

1322 3137 1415 3190 eundo
1434 3155 1567 3207 quaerere
1585 3158 1639 3192 non
1661 3146 1760 3209 potest.

1323 3433 1387 3473 sunt
1404 3421 1487 3473 liberi
1517 3422 1568 3490 qui
1593 3432 1692 3474 coratrn
1701 3421 1826 3491 firmem
1851 3420 1967 3472 humani
1991 3419 2102 3490 generis
2127 3435 2198 3472 eon·

1323 3508 1406 3543 uerso
1425 3507 1500 3542 more
1516 3503 1703 3560 procreantur
1712 3511 1723 3557 ,·
1753 3491 1841 3542 ueluti
1855 3492 1881 3541 sl
1898 3491 2001 3542 mulier
2017 3501 2199 3541 monstrosum

1325 3558 1437 3631 aliquid
1455 3572 1506 3610 out
1521 3559 1711 3629 prodigiosum
1730 3562 1814 3611 enixu
1841 3561 1884 3609 sit.
1904 3560 2007 3610 Partus
2020 3571 2127 3620 oureus,
2149 3561 2198 3628 qui

1323 3631 1503 3682 membrorum
1522 3632 1703 3681 bumanorum
1722 3629 1999 3697 officinampliuvs's,
2020 3630 2199 3699 aliquatenus

1326 3698 1434 3751 videtur
1451 3696 1578 3768 effectus,
1589 3692 1627 3750 'et
1645 3697 1706 3749 ideo
1726 3700 1800 3749 inter
1819 3699 1922 3750 liberos
1941 3699 2197 3749 connumerabitur.

1328 3770 1369 3844 ra)
1382 3769 1516 3819 Numisius
1526 3768 1554 3817 in
1565 3784 1659 3817 comm.
1670 3768 1704 3818 ed
1723 3769 1759 3818 tit
1774 3767 1808 3818 de
1819 3776 1880 3818 stat
1899 3766 1971 3818 hom.
1982 3767 2141 3817 emendarit
2148 3780 2196 3818 out

1324 3840 1436 3907 septimo
1457 3849 1505 3888 ont
1521 3838 1603 3906 pleno
1622 3835 1728 3888 decimo
1750 3854 1849 3889 mense.
1880 3835 2020 3905 13)Goth.
2052 3839 2195 3887 maurina

1323 3908 1515 3958 Romoturus.
1572 3905 1613 3974 14)
1652 3906 1704 3955 atti
1726 3908 1877 3969 complures
1899 3920 1934 3958 et.
1961 3904 2045 3955 Geth.
2067 3921 2121 3955 osu.
2146 3907 2195 3957 uel.

1328 3979 1369 4041 ι5)
1389 3979 1446 4026 Sar.
1464 3976 1536 4024 Mon.
1548 3977 1592 4027 llo.
1607 3976 1633 4024 S.
1652 3976 1732 4025 inser.
1750 3987 1778 4024 ut
1789 3979 1946 4045 ingenuum.
1965 3974 2051 4025 Goth.
2066 3975 2115 4026 vel
2127 3974 2194 4041 ing„

1324 4060 1394 4116 qrrac
1412 4045 1471 4094 Cui.
1493 4045 1532 4095 58.
1551 4044 1661 4100 delevit.
1683 4046 1724 4112 16)
1735 4043 1818 4096 Goth.
1842 4043 1902 4100 Cui.
1925 4046 1968 4101 86.
1989 4049 2037 4096 riu.
2047 4046 2194 4114 pepererit

1328 4118 1368 4184 sp)
1392 4114 1454 4164 Cari.
1476 4116 1518 4164 58.
1542 4114 1603 4165 liitt.
1625 4113 1705 4166 Febr.
1734 4131 1818 4164 manu
1847 4116 1955 4167 emissa.
2028 4111 2071 4185 [r}
2103 4114 2196 4165 essars

1322 4185 1390 4234 hirec
1408 4184 1545 4232 sententia
1565 4183 1593 4233 in
1609 4201 1633 4233 n.
1658 4201 1682 4235 n.
1712 4198 1843 4232 eueuusu.
1873 4184 1925 4234 τιτ.
1952 4184 2001 4234 58.
2018 4182 2108 4251 (apud
2132 4182 2193 4232 Sch.

1323 4256 1367 4304 tit.
1392 4253 1440 4322 ιι.)
1455 4291 1469 4309 ,,
1483 4252 1531 4301 ubi
1555 4252 1688 4319 allegatur
1707 4250 1793 4305 Poull.
1810 4252 1858 4303 lib.
1880 4253 1925 4303 lv,
1946 4253 1980 4303 ad
1998 4263 2112 4306 senatus
2129 4267 2195 4303 con·

1322 4322 1423 4372 auitum
1444 4321 1655 4373 Tertullianum.

1410 4391 1440 4441 Χ.
1480 4392 1504 4461 ι)
1546 4393 1625 4441 Hunc
1644 4391 1756 4441 titulum
1783 4404 1843 4445 cuna
1868 4389 1936 4457 ipsis
1959 4391 2110 4443 sententiis
2139 4390 2195 4459 pri·

1321 4477 1395 4512 nrum
1409 4461 1531 4513 restituit
1550 4460 1677 4510 Cuiacius
1696 4461 1778 4510 ined.
1791 4462 1835 4512 58.
1853 4460 2036 4511 inveniuntur
2052 4475 2118 4512 vero
2143 4461 2193 4510 hae

1321 4538 1402 4581 seutt.
1422 4531 1450 4580 in
1473 4531 1625 4598 appendice
1652 4529 1710 4582 eod.
1742 4530 1822 4580 Paris.
1843 4532 1920 4596 4503.
1948 4529 2001 4582 suh
2026 4529 2137 4580 rubrica
2161 4527 2194 4580 de

1321 4601 1512 4652 intestatorum
1526 4599 1690 4659 hereditate.
1709 4599 1835 4650 Ceterum
1845 4600 1905 4650 Cui.
1914 4600 1955 4651 66.
1969 4608 1999 4650 et
2017 4598 2193 4651 Geueescri·

1321 4670 1392 4720 bunt
1413 4669 1593 4738 Orfitianum.
1607 4670 1666 4720 Cui.
1676 4672 1718 4723 86.
1732 4669 1908 4737 Orfitianum.
1934 4667 1962 4737 a)
1974 4668 2023 4717 llis
2036 4669 2067 4719 in
2076 4668 2192 4736 allegato

1322 4739 1378 4788 cod.
1401 4740 1564 4795 patiebare
1583 4739 1689 4788 adiecta
1715 4747 1796 4789 sunt:
1829 4735 1945 4808 perinde
1968 4750 2061 4790 auten
2091 4751 2192 4788 erasm

1321 4811 1452 4861 certiores
1460 4808 1526 4880 filii
1534 4807 1613 4878 finnt
1633 4826 1691 4859 nors
1713 4810 1817 4859 nuncio
1835 4820 1947 4876 occepso
1966 4807 2018 4859 sed
2032 4825 2088 4876 pro
2104 4808 2191 4878 liqui-

1320 4877 1356 4930 do
1379 4891 1477 4931 contra
1497 4876 1574 4949 quod
1589 4880 1719 4929 intestote
1738 4875 1912 4934 decesserint.
1930 4878 1982 4929 a‘nt.
2007 4895 2032 4928 ra
2066 4894 2109 4947 eg.

402 5066 2185 5098 w

396 5125 624 5191 dehitamoapiat
644 5127 778 5195 (Gener).
850 5127 870 5198 5
892 5133 932 5182 06.
969 5129 1110 5200 Siquando
1126 5130 1204 5181 multi
1221 5131 1270 5181 be.

396 5195 474 5249 tedes
485 5196 600 5263 legitimi
616 5194 862 5259 fuerintderolioti‚
877 5200 1002 5267 etaliqui
1014 5215 1108 5250 eorum
1127 5201 1268 5252 heredita-

396 5271 452 5315 tem
482 5267 717 5334 praetermiserint
731 5267 774 5327 xel
794 5268 868 5317 adire
890 5269 1048 5333 noluerint,
1068 5273 1209 5337 portiones
1225 5288 1271 5321 eo-

396 5350 466 5395 rum,
487 5338 534 5402 qui
564 5336 709 5386 omiserint
730 5335 774 5387 vei
792 5336 868 5385 adire
894 5338 1050 5400 noluerint,
1071 5337 1112 5390 his
1139 5341 1268 5406 legitimis

397 5403 773 5476 quiadierintacquiruutur.
800 5406 846 5456 scd
858 5406 996 5458 inherede
1007 5411 1151 5469 instituto,
1172 5413 1214 5458 cui
1230 5411 1268 5459 al·

358 5470 365 5481 ’
396 5479 440 5524 ter
456 5473 620 5524 substitutus
633 5485 687 5537 est,
708 5477 761 5526 alia
776 5475 901 5525 condicio
917 5484 978 5540 est;
998 5478 1101 5545 quirin
1121 5479 1268 5532 heredibus

395 5541 504 5612 scriptis
523 5545 680 5599 testamenti
699 5545 765 5599 ordo
783 5545 918 5633 tenendus
937 5553 995 5608 est,
1015 5554 1046 5597 ut
1066 5549 1202 5600 institutis
1224 5549 1268 5603 sel

1318 5130 1475 5181 substitutis
1488 5130 1522 5180 de
1539 5128 1666 5180 adeunda
1684 5126 1838 5183 hereditate
1852 5129 2005 5199 scripturae
2021 5131 2110 5183 torma
2133 5146 2190 5183 ser·

1319 5209 1405 5252 vetur.

1391 5267 1465 5337 ill.§
1492 5267 1515 5335 4.
1552 5266 1696 5333 Duplioata
1715 5266 1835 5316 membra
1853 5267 2089 5338 nonimpediunt.
2116 5266 2190 5338 (Ge-

1320 5340 1399 5410 ner.)
1471 5335 1491 5407 §.
1511 5341 1534 5390 8.
1573 5338 1617 5386 ius
1637 5335 1806 5402 Quiritium,
1827 5335 1942 5388 hoccst
1970 5339 2113 5389 civitatem
2139 5341 2192 5390 llo·

1319 5425 1424 5460 mauam
1445 5413 1598 5459 consecuta.
1618 5405 1697 5474 (Cui.
1716 5405 1778 5474 80.)
1868 5405 1888 5476 5.
1905 5424 1931 5474 9.
1969 5407 2014 5457 lua
2036 5406 2190 5458 liberorum

1319 5479 1496 5547 consequitur
1506 5477 1604 5526 mulier
1613 5478 1694 5526 etiam
1705 5491 1773 5543 quae
1790 5474 1860 5527 lilios
1871 5493 1927 5526 non
1938 5473 2051 5539 habuit,
2068 5477 2093 5529 si
2104 5476 2190 5531 bene·

1318 5549 1383 5599 iieio
1394 5546 1526 5616 principis
1538 5545 1590 5597 hoc
1604 5547 1729 5615 potuerit
1738 5544 1877 5613 obtinere.
1895 5544 2047 5614 (danen).
