4560 6562
380 340 468 422 143*
529 338 652 423 uuit
675 337 854 418 PAULLI
878 337 982 417 REC.
1008 339 1140 419 stur.
1163 339 1254 419 ΜΒ.
1281 339 1450 441 QUINT.
1474 340 1561 431 itti.
1586 341 1620 437 ἓ.
1639 341 1701 421 ab
1715 342 1866 422 ..X1v.
1889 340 2015 441 551).
2079 346 2174 427 *tbi

379 533 524 595 commisso
539 530 733 606 imperatorem
753 529 898 588 vindicare
916 529 1131 591 inverecundum
1145 534 1168 568 ²⁸
1191 543 1250 597 sets
1299 532 1331 589 in
1342 533 1494 592 minoribus
1502 552 1566 592 asro
1578 554 1636 589 non
1648 536 1803 611 piusquam
1814 534 1869 591 duo
1879 550 2068 609 prorogantur
2073 557 2085 603 ,·
2100 556 2169 607 pm.

293 680 301 690 ,
380 622 457 676 decet
476 622 549 675 enim
567 632 665 674 tantae
684 620 826 672 maiestati
843 636 890 670 eas
906 635 1021 673 servare
1034 618 1128 689 leges,
1148 619 1249 692 quibus
1296 619 1411 673 bisiaris
1425 631 1516 676 autam
1530 621 1658 697 tempatis
1666 622 1785 687 spatium
1794 622 1829 675 ab
1839 623 2004 693 imperatore
2021 625 2170 692 postutast-

380 712 438 785 ipse
454 707 559 760 solutus
579 723 635 760 esse
656 704 772 761 ridetur.
825 707 848 770 5.
865 703 912 772 9b.
933 702 970 776 [r]
994 702 1097 773 Quodsi
1114 722 1149 759 ea
1166 706 1249 768 bana,
1298 702 1361 762 dum
1380 717 1428 758 est.
1498 704 1521 775 §.
1544 703 1601 759 sah.
1629 706 1660 758 Si
1675 706 1846 777 principalis
1861 711 1905 759 rei
1920 709 1995 761 bona
2017 706 2058 760 ad
2072 708 2170 770 fiscum

379 813 414 849 ex
440 795 540 865 quibus
567 795 719 862 imperator
750 790 828 845 lieres
858 789 1003 843 institutus
1028 803 1085 854 est,
1116 789 1249 845 soluendo
1296 791 1432 871 devoluta
1449 792 1516 854 sint,
1531 789 1893 862 fideiussoresiiberantur:
1912 794 1971 846 nisi
1979 793 2062 864 sorte
2080 795 2170 847 minas

378 898 437 934 non
454 881 526 941 sint,
545 896 575 931 re
590 890 737 948 perspecta
764 877 921 929 consulitur
939 879 1089 946 imperator
1099 881 1139 928 ²⁵:
1168 877 1249 933 bere·
1297 878 1394 934 iddsti
1410 870 1478 941 ttius,
1503 890 1529 933 et
1548 880 1579 931 in
1598 879 1737 947 reliquum
1763 894 1822 930 non
1838 880 1981 932 exsolutae
1999 880 2172 950 quantitatis

378 964 422 1018 dis
441 968 513 1018 enim
531 965 653 1017 instituti
670 964 702 1015 in
724 960 862 1014 adeundis
887 963 930 1016 ael
947 961 1131 1032 repudiandis
1148 964 1172 1000 ²⁶
1197 962 1251 1016 leu-
1296 967 1474 1020 accesserint·
1543 965 1570 1031 §.
1591 965 1641 1020 ssi.
1676 966 1707 1017 Si
1728 962 1950 1032 pbusservatum
1971 966 2013 1018 est'
2038 983 2074 1018 es
2093 964 2172 1018 bonis

379 1050 498 1105 iasmodi
516 1047 717 1103 hereditatibus
738 1050 866 1101 voluntas
884 1047 1057 1118 exploranda
1077 1062 1126 1103 est.
1296 1051 1430 1106 debitoris
1441 1070 1460 1106 a
1470 1050 1542 1121 fiseo
1552 1049 1706 1113 distractis,
1718 1051 1780 1104 iure
1795 1069 1829 1108 ac
1842 1053 1940 1103 merito
1952 1052 2066 1104 restitui
2074 1063 2171 1120 postu·

380 1138 406 1207 §.
438 1153 477 1193 ιο.
522 1136 696 1203 Privilegium
722 1135 780 1186 fisci
813 1144 855 1188 est
885 1137 958 1188 inter
982 1151 1075 1187 omnes
1101 1136 1250 1189 creditores
1295 1137 1380 1191 latur.
1418 1137 1439 1208 5.
1462 1136 1519 1191 sak.
1549 1136 1708 1191 conductor
1724 1134 1866 1209 cassando
1876 1137 1978 1210 fiscali
1992 1137 2171 1188 nibiitransv

378 1225 496 1294 primum
516 1225 607 1276 iocum
630 1223 758 1277 tenere.2²
830 1221 1248 1292 §.11²⁸.Qutcumqueaiisco
1294 1225 1369 1290 serre
1391 1236 1490 1295 potest,
1517 1240 1569 1277 nec
1595 1224 1718 1295 cupressi
1738 1224 1884 1276 materiam
1908 1220 2027 1276 uendere
2050 1223 2099 1274 vet
2117 1223 2171 1274 oli·

380 1313 552 1371 convenitur,
571 1324 670 1361 nonex
689 1307 805 1359 indieo²⁹
822 1309 897 1359 vcl⁸0
914 1308 1038 1376 cxcrnplo
1056 1309 1173 1362 alicuius
1184 1311 1251 1362 serl-
1298 1326 1358 1371 eas,
1378 1326 1435 1362 nan
1448 1308 1603 1363 substitutis
1620 1312 1698 1372 aliis,
1711 1322 1872 1384 ceterasque
1887 1307 2003 1361 arbores
2016 1307 2170 1376 pomiferas

380 1405 492 1466 ptursc,
522 1395 571 1448 sed
604 1412 638 1448 ex
661 1393 822 1449 authentico
841 1396 1045 1448 conveniendus
1072 1403 1129 1459 est,
1149 1396 1200 1447 etsi
1228 1396 1251 1429 ³²
1296 1395 1479 1451 caedereset
1487 1395 1575 1467 facta
1591 1399 1649 1448 eius
1662 1397 1706 1448 rei
1723 1397 1917 1450 aestimatione
1936 1396 1967 1445 in
1981 1383 2170 1462 quadruplum

378 1490 533 1535 contractus
555 1483 622 1533 tides
644 1467 731 1551 poisit
751 1481 868 1534 ostendi.
907 1480 1034 1532 Ceterum
1056 1483 1249 1533 calumniosam
1296 1485 1470 1537 convenitur.
1534 1481 1557 1552 §.
1578 1483 1626 1536 sal.
1649 1481 1805 1534 Minoribus
1821 1481 2068 1549 vigintiquinque
2087 1481 2170 1531 anesis

379 1573 540 1638 scripturam
560 1569 614 1620 rim
632 1568 721 1620 iustae
742 1568 887 1636 petitionis
907 1569 929 1601 ³²
946 1569 975 1618 in
996 1567 1103 1621 iudicio
1120 1567 1248 1619 obtinere
1297 1585 1385 1639 neque
1394 1566 1501 1638 fundus
1519 1585 1607 1640 neque
1624 1569 1777 1637 uectigalia
1791 1565 1914 1620 iocarsda
1931 1579 2009 1626 sunt,
2025 1561 2170 1618 rseadaer·

297 1712 299 1716 ,
379 1675 436 1709 non
454 1655 592 1707 convenit
664 1656 688 1720 5.
714 1671 753 1711 sn.
790 1653 854 1705 Eius
873 1653 956 1716 bona,
976 1653 1025 1723 qui
1043 1652 1138 1705 salsam
1154 1667 1249 1705 mona-

379 1753 433 1796 tam
451 1742 615 1813 percussisse
635 1740 744 1800 dicilur,
765 1739 828 1791 iisco
841 1739 1023 1792 vindicantur·
1061 1740 1160 1809 quodsi
1178 1739 1249 1791 servi

378 1830 523 1898 ignorante
554 1826 666 1879 domino
690 1825 720 1876 id
745 1825 841 1877 iecisse
868 1827 996 1879 dicantur
1012 1861 1021 1886 ,
1054 1826 1107 1893 ipsi
1135 1824 1248 1894 quidem

377 1933 484 1970 summo
509 1914 646 1983 supplicio
668 1911 840 1974 alliciuntur,
861 1912 974 1962 domiuo
994 1920 1085 1964 tamen
1104 1910 1176 1961 nilsii
1199 1927 1249 1961 au-

376 2004 479 2066 fertur3
500 2002 565 2071 quia
584 2000 708 2068 peiorem
728 1998 832 2050 domini
853 2014 962 2049 causam
983 1999 1054 2051 servi
1075 1997 1175 2059 lacere,
1193 1998 1247 2048 nisi

377 2091 448 2144 iorte
467 2088 568 2150 scierit,
589 2086 702 2136 omnino
723 2102 778 2136 non
799 2093 925 2153 possunt.

376 2176 398 2247 5.
420 2192 474 2230 soa.
492 2172 531 2248 [ol
569 2173 615 2226 Ex
633 2171 677 2222 bis
696 2171 787 2231 bonis,
807 2187 879 2242 quae
897 2167 937 2223 ad
949 2169 1046 2243 fiscum
1061 2168 1157 2222 delata
1174 2181 1247 2230 sunt,

377 2264 561 2315 instrumenta
581 2259 623 2312 vel
641 2256 849 2328 chirographa,
877 2269 942 2309 acta
968 2258 1050 2308 etiam
1072 2253 1111 2306 ad
1129 2257 1172 2308 ius
1186 2256 1248 2325 pri·

375 2362 506 2403 vatorum
534 2344 707 2417 pertinentia
733 2343 847 2397 restitui
868 2343 1074 2413 postulantibus
1108 2342 1248 2394 convenit.

376 2437 397 2508 5.
420 2434 479 2489 rab.
514 2434 609 2506 Neque
629 2433 816 2483 instrumenta
836 2446 925 2502 neque
943 2441 1007 2481 acta
1030 2445 1047 2478 a
1070 2442 1178 2499 quaque
1196 2423 1248 2477 ad-

376 2538 470 2578 sersus
480 2519 585 2588 fiscum
604 2514 651 2571 edi
668 2528 783 2586 oportet.
856 2514 875 2585 §.
898 2531 951 2567 rac.
978 2515 1037 2584 lpse
1058 2525 1147 2565 autem
1160 2511 1248 2583 fiscus

375 2620 501 2662 actorum
519 2621 631 2657 suorum
654 2602 777 2673 exempla
791 2599 845 2654 bac
865 2597 1029 2652 condicione
1043 2596 1112 2660 edit,
1131 2595 1245 2650 utne³²'

375 2701 411 2761 te,
429 2695 477 2745 cui
498 2686 675 2745 describendi
689 2690 723 2758 fit
741 2695 898 2759 potestas,
914 2683 1051 2739 adversus
1075 2701 1104 2738 sa
1128 2684 1245 2738 aeirem

374 2783 514 2856 publicam
535 2778 578 2829 isis
596 2778 667 2829 actis
686 2787 798 2828 utatur:
820 2772 853 2826 de
870 2791 926 2845 quo
944 2787 1042 2825 carere
1062 2771 1245 2841 compellitur,

333 2878 334 2881 ’
375 2884 415 2932 ut,
433 2870 538 2920 sinsus
558 2866 582 2917 is
600 2874 698 2917 contra
717 2858 896 2913 interdictum
907 2859 1017 2929 suerit,
1046 2875 1131 2911 causa
1151 2854 1245 2915 cadat.

376 2958 396 3027 5.
415 2956 470 3008 rost.
491 2951 623 3017 Quotiens
641 2945 717 3018 apud
724 2947 829 3016 fiscum
847 2948 961 3017 agitur,
979 2955 1104 2998 actarum
1120 2955 1244 3015 potestas

371 3035 541 3113 postulanda
558 3049 608 3099 est,
628 3045 658 3087 ut
675 3035 772 3086 merito
790 3032 865 3085 lois³³
885 3033 928 3085 uti
943 3032 1042 3093 liceat,
1062 3046 1244 3102 eaquemanu

375 3122 628 3181 commentariensis
641 3117 807 3174 annotanda
821 3131 893 3172 sunt.
916 3115 1017 3191 quodsi
1031 3133 1065 3170 ea
1076 3118 1162 3171 aliter
1175 3135 1245 3187 pro·

370 3212 517 3282 ferantur,
535 3212 559 3262 is
576 3209 627 3282 qui
640 3208 682 3261 ita
696 3206 848 3275 protulerit
868 3221 954 3263 causa
975 3201 1052 3257 cadit
1064 3205 1093 3252 ⁸⁸·
1149 3202 1171 3275 §.
1185 3219 1242 3261 sse.

376 3299 509 3365 Quotiens
531 3296 632 3349 iterum
655 3290 732 3363 apud
743 3291 847 3361 fiscum
866 3288 961 3344 eadem
980 3306 1066 3342 causa
1087 3300 1245 3353 tractatur,

373 3385 501 3456 priorum
519 3393 654 3438 actorum,
676 3394 792 3446 quorum
803 3392 869 3428 usus
891 3391 949 3427 non
961 3373 1060 3443 fuerat
1075 3375 1243 3445 postulatus,

374 3487 409 3523 ee
429 3487 444 3519 o
468 3467 523 3519 scio
545 3463 675 3517 recitatio
696 3463 758 3515 iure
774 3472 908 3529 poscetur.
989 3459 1009 3530 5.
1033 3459 1083 3514 toi.
1121 3461 1176 3527 Qui
1192 3477 1245 3530 pro

377 3557 433 3608 alio
456 3573 473 3606 a
484 3553 560 3625 fisco
579 3560 734 3602 conuentus
754 3545 873 3600 debitum
892 3547 1020 3607 exsolvit,
1040 3562 1099 3597 non
1118 3545 1245 3616 inique³⁶

370 3641 495 3714 postulat
516 3638 733 3708 persecutionem
761 3633 895 3686 bonorum
921 3635 1002 3696 eius,
1027 3651 1081 3702 pra
1107 3649 1164 3701 quo
1187 3631 1245 3684 sol-

373 3729 420 3782 vit
440 3727 479 3780 ³⁶:
505 3726 536 3779 its
561 3739 614 3791 quo
641 3723 724 3776 etiam
749 3717 882 3772 adiuvari
905 3735 957 3789 per
976 3717 1098 3789 officium
1116 3719 1139 3752 ⁸²
1166 3717 1245 3769 solet.

375 3813 397 3884 5.
423 3828 478 3879 sag.
514 3807 670 3863 Fisealibus
694 3805 866 3860 debitoribus
891 3805 1057 3874 petentibus.
1073 3801 1112 3855 ad
1135 3821 1243 3875 compa.

375 3896 494 3953 rendam
514 3897 661 3964 pecuniam
679 3890 844 3944 dilationem
863 3891 962 3960 negari
987 3906 1045 3941 non
1061 3890 1176 3959 placuit.
1196 3907 1245 3945 au-

374 3986 419 4038 ius
438 3984 483 4037 rei
499 3980 655 4034 aestimatio
676 3979 717 4029 ita
737 3977 857 4029 arbitrio
883 3973 1038 4028 iudicantis
1062 3974 1243 4038 conceditur,

373 4073 453 4127 utin
475 4066 629 4122 maioribus
649 4065 759 4116 summis
779 4079 836 4114 non
861 4063 925 4132 plus
951 4078 1034 4133 quam
1054 4074 1110 4114 tres
1128 4078 1243 4123 menses,

373 4217 418 4285 ab)
442 4215 475 4271 V.
496 4207 688 4264 uerecundum.
756 4163 792 4277 [ri
829 4204 857 4254 L.
876 4221 899 4256 a.
919 4203 949 4252 l).
967 4219 1001 4254 ns
1021 4219 1080 4257 osa.
1100 4217 1243 4254 suoooasr.

1296 1673 1341 1707 sus
1359 1672 1393 1707 ea
1414 1653 1548 1726 beneficio
1568 1656 1668 1706 aetatis
1686 1654 1843 1705 utantur³³.
1886 1655 1910 1717 5.
1930 1668 1996 1703 rom.
2013 1649 2054 1722 [r]
2077 1652 2171 1718 S'qus's

1297 1739 1408 1810 aliquid
1431 1755 1465 1792 ese
1485 1740 1598 1793 metallo
1614 1740 1753 1809 principis
1772 1739 1820 1790 vel
1834 1753 1868 1789 ea
1889 1749 2000 1790 moneta
2020 1748 2106 1790 sacru
2119 1735 2170 1803 su·

1295 1839 1374 1881 ratus
1391 1827 1440 1890 sit,
1460 1843 1553 1896 poena
1575 1827 1683 1878 nestalli
1699 1825 1773 1878 ael³⁹
1791 1825 1886 1876 exsilii
1900 1823 2027 1893 punitur.

1481 1946 1543 1992 rrr.
1566 1948 1629 1990 xur.
1670 1948 1708 1989 ns
1732 1932 1971 1995 nntsroamus¹,

1295 2027 1317 2098 5,
1341 2044 1364 2083 ι.
1400 2029 1502 2081 Omnes
1527 2029 1639 2078 omnino
1658 2026 1766 2079 deferre
1784 2025 1900 2080 aiterum
1929 2030 1957 2074 et
1985 2038 2100 2075 ceruam
2117 2038 2169 2092 pe·

1295 2114 1445 2165 cuniarism
1465 2113 1529 2164 iisco
1548 2115 1678 2166 nuntiare
1697 2110 1893 2182 prohibentur;
1921 2126 1973 2162 nec
1992 2111 2080 2163 refert
2111 2126 2170 2166 uta·

1295 2215 1337 2250 res
1357 2198 1432 2252 istud
1449 2215 1485 2251 sn
1504 2198 1622 2252 feminae
1640 2200 1760 2261 iaciant,
1778 2203 1849 2251 servi
1875 2201 1923 2251 sn¹
1942 2198 2058 2266 ingenui
2079 2211 2116 2249 aa
2133 2196 2169 2248 ii-

1295 2283 1415 2346 bertini,
1441 2302 1476 2337 an
1503 2303 1566 2338 suos
1583 2301 1619 2338 an
1644 2294 1787 2338 extraneos
1810 2282 1949 2337 delerem:
1987 2284 2066 2336 omni
2093 2284 2169 2335 euim

1295 2370 1377 2423 modo
1399 2373 1561 2443 puniuntur.
1632 2371 1653 2441 5.
1671 2388 1696 2428 s.
1733 2372 1809 2423 Serri
1835 2371 1956 2433 fiscales,
1984 2372 2032 2440 qui
2058 2384 2168 2422 eanum

1295 2457 1406 2508 domino
1424 2458 1540 2528 prodere
1558 2474 1589 2508 sc
1609 2461 1740 2510 nuntiare
1765 2455 1956 2518 contendunt,
1983 2445 2092 2511 deferre
2108 2471 2168 2510 uon

1294 2543 1432 2602 ridentur,
1484 2542 1632 2596 Subornati
1659 2559 1724 2596 sane
1749 2545 1857 2603 estrat⁸
1878 2543 1996 2613 prodere
2016 2547 2165 2609 eoguntur.

1294 2617 1380 2700 nequi
1408 2629 1512 2700 quosl⁴
1541 2648 1591 2700 per
1616 2647 1645 2683 se
1662 2647 1719 2684 non
1743 2614 1920 2707 pfflf-‚per
1944 2631 2028 2681 aliam
2048 2626 2164 2682 deierat

1293 2716 1410 2784 perinde
1432 2726 1524 2769 ornem
1553 2717 1747 2771 subornatores
1776 2710 1972 2777 oeff'jtstnores
2000 2715 2165 2787 puniuntor,

1295 2800 1360 2872 53.
1397 2803 1524 2856 Damnati
1542 2807 1631 2868 servi,
1655 2806 1713 2857 sire
1739 2812 1802 2875 post
1826 2805 1995 2860 sententiam
2015 2803 2075 2858 sire
2102 2809 2167 2851 tute

1295 2892 1462 2943 sententiam
1487 2890 1661 2945 dominorum
1688 2891 1810 2945 facinora
1836 2891 1956 2946 confessi
1983 2891 2060 2952 sint,
2088 2885 2165 2937 nolio

1294 2977 1377 3029 modo
1400 2976 1571 3042 audiuntur,
1595 2979 1649 3032 nisi
1673 2976 1744 3032 forte
1767 2996 1827 3035 reos
1854 2979 1981 3032 delerant
2005 2977 2167 3030 maiestatis.

1375 3116 1434 3160 rrr.
1455 3119 1517 3161 xer.
1560 3119 1599 3159 ns
1622 3117 1863 3174 ousnsrsosmus
1885 3118 2034 3163 assernrs
2048 3099 2070 3165 ¹.

1295 3192 1358 3266 5ἰ.
1395 3193 1427 3248 In
1451 3195 1614 3250 criminibus
1639 3196 1767 3249 eruendis
1793 3198 1920 3267 quaestio
1945 3195 2063 3270 quidem
2087 3193 2167 3248 adbi-

1295 3279 1393 3346 betur,·
1416 3279 1547 3334 sednon
1575 3283 1669 3334 station
1695 3298 1713 3332 s
1736 3283 1879 3334 mamantis
1902 3280 2096 3352 incipiendum
2115 3289 2167 3341 est.

1294 3365 1417 3437 ideoque
1432 3368 1510 3437 prius
1526 3370 1694 3439 argumentis
1719 3368 1905 3439 quaerendum
1924 3375 1977 3432 est,
2000 3377 2042 3431 et,
2059 3369 2105 3420 si²
2121 3384 2167 3420 sus

1296 3453 1419 3521 spicione
1444 3454 1538 3524 eliqua
1562 3471 1625 3508 reus
1650 3457 1836 3526 urguentur⁸,
1859 3454 1994 3509 adhibitis
2019 3455 2168 3508 tormentis

1296 3537 1331 3589 de
1357 3539 1439 3591 sociis
1468 3544 1524 3592 ets
1550 3528 1700 3596 sceleribus
1733 3544 1790 3594 suis
1822 3542 1945 3596 confiteri
1978 3541 2168 3611 compellitur,

1296 3625 1317 3695 5.
1337 3628 1383 3684 2⁵,
1419 3625 1506 3677 Unius
1525 3627 1655 3680 facinoris
1677 3628 1789 3696 plurimi
1811 3631 1851 3680 rei
1872 3627 1912 3680 ita
1930 3627 2068 3685 audiendi
2087 3634 2169 3688 sunt,

1295 3718 1328 3768 ut
1344 3711 1379 3764 ab
1398 3727 1431 3765 eo
1450 3714 1587 3781 primum⁶
1604 3715 1769 3785 incipiatur,
1787 3718 1837 3786 qui
1856 3713 1980 3769 timidior
2001 3721 2032 3766 et
2056 3721 2169 3766 teneros

1296 3801 1396 3851 aetatis
1414 3815 1473 3852 esse
1491 3800 1616 3854 rideatur
1627 3807 1647 3854 ⁷.

1296 3885 1317 3956 §·
1331 3901 1371 3941 at.
1383 3883 1423 3959 [x]
1444 3887 1515 3941 titus
1527 3886 1749 3942 evidentioribus
1759 3889 1930 3959 argumentis
1951 3902 2099 3958 oppressus
2120 3903 2168 3940 rs·

1292 3979 1352 4045 peti
1371 3978 1401 4029 in
1427 3978 1618 4049 quaestionem
1644 3991 1750 4049 potest,
1780 3979 1897 4032 maxime
1921 3977 1946 4029 si
1970 3976 2002 4027 in
2027 3984 2169 4033 tormenta

1295 4064 1438 4116 animum⁸
1459 4082 1612 4139 corpusque
1630 4062 1774 4118 duraverit
1783 4065 1801 4114 ⁹.
1872 4062 1892 4135 §.
1913 4061 1957 4116 ab·
1993 4062 2029 4124 ln
2047 4078 2083 4114 ea
2100 4076 2169 4114 eass-

1294 4203 1328 4256 D.
1351 4221 1383 4257 nr
1403 4221 1505 4264 rorare.
1541 4206 1587 4276 39)
1606 4207 1645 4260 tt.
1665 4219 1700 4267 et.
1736 4167 1797 4259 usi.
1816 4218 1873 4260 aut
2174 4256 2180 4271 ,

1366 4274 1434 4328 iilil.
1475 4280 1502 4340 t)
1531 4278 1580 4327 Au.
1607 4287 1636 4329 et
1654 4275 1735 4339 Febr.
1752 4276 1824 4328 hane
1843 4273 1980 4327 rubricam
1998 4289 2058 4324 non
2086 4283 2168 4321 aaa·

374 4303 442 4337 oses.
545 4281 589 4351 ab)
619 4277 677 4328 iial.
704 4275 737 4328 V.
764 4275 936 4344 Imperatori.
1038 4274 1084 4338 oti)
1110 4272 1168 4322 ilai.
1189 4287 1242 4322 om.

372 4350 530 4421 ostrepud.
601 4351 648 4415 27)
666 4345 727 4398 Cui.
745 4345 790 4399 86·
813 4349 862 4395 Au·
883 4346 1014 4399 retinere.
1095 4340 1241 4402 283051.
1293 4352 1401 4409 perant.
1441 4345 1481 4397 Cl.
1501 4346 1561 4397 Cui.
1580 4346 1614 4397 ad
1632 4350 1674 4398 tit
1693 4347 1727 4397 de
1747 4345 1926 4399 incendiariis
1949 4343 1996 4410 (V.
2016 4342 2083 4408 oo).
2137 4340 2167 4406 a)

374 4443 399 4481 a.
418 4424 450 4473 D.
472 4421 578 4472 deiide
597 4420 771 4469 instrument.
879 4417 924 4483 ²9)
963 4413 1037 4464 bion.
1061 4412 1105 4463 Bo.
1123 4414 1242 4465 incerto.
1293 4412 1352 4464 Cui.
1371 4416 1412 4470 iiii.
1437 4418 1485 4466 Au.
1505 4429 1563 4468 aut.
1618 4419 1646 4485 3)
1662 4416 1722 4475 scu.
1742 4417 1772 4468 il.
1787 4431 1820 4466 es
1838 4413 2073 4482 interpretatione
2092 4426 2164 4462 euna

373 4493 419 4562 30)
442 4491 502 4559 Dig.
524 4503 559 4542 et.
630 4488 675 4556 ss)
703 4484 763 4551 Dig·
783 4486 825 4537 ita
845 4485 877 4534 si.
917 4481 978 4539 iial.
1004 4493 1034 4535 ut
1053 4482 1144 4533 itasi.
1172 4483 1242 4547 Byn-
1292 4484 1320 4549 4)
1345 4483 1383 4534 its
1408 4487 1443 4536 bi.
1465 4501 1506 4541 or,
1526 4486 1586 4542 eod,
1606 4485 1685 4549 Sav.;
1705 4487 1787 4539 Goth.
1807 4485 1892 4536 babet
1908 4499 1959 4536 nec
1986 4479 2070 4555 quod
2088 4479 2167 4534 uon.

371 4559 517 4614 kotshoek.
540 4559 609 4614 coni.
628 4560 670 4610 ita
689 4557 715 4607 si
732 4555 781 4609 εἰσ.
819 4551 924 4604 Kohler
960 4554 1132 4619 interpretat.
1161 4551 1193 4600 li.
1215 4568 1240 4618 p.
1292 4553 1337 4606 Bo.
1372 4555 1398 4612 S.
1424 4574 1458 4609 ne
1486 4555 1570 4626 quod,
1595 4555 1643 4609 sed
1667 4555 1693 4607 S,
1714 4559 1733 4609 i,
1759 4572 1792 4607 m.
1817 4555 1877 4628 qui,
1913 4553 1961 4604 alii
1992 4553 2045 4624 qui
2074 4546 2166 4621 quod,

374 4633 415 4700 74.
434 4629 585 4683 secundum
603 4626 719 4679 Basilica
738 4620 897 4675 emendavit
914 4622 955 4673 ita
973 4624 998 4673 si
1015 4638 1038 4676 e.
1048 4620 1078 4688 s·
1094 4639 1151 4673 non
1164 4639 1191 4690 p.
1214 4638 1240 4683 a,
1290 4622 1390 4674 omissa
1408 4639 1431 4674 s.
1450 4643 1492 4680 m.

372 4703 421 4767 ba)
441 4699 501 4766 Dig.
522 4713 574 4749 0¹11.
597 4699 686 4750 iustae
701 4694 856 4764 petitionis.
929 4689 969 4763 [ul
990 4691 1010 4762 §.
1033 4707 1089 4745 ssa.
1108 4729 1115 4743 .
1135 4727 1142 4740 .
1162 4725 1168 4739 .
1190 4690 1239 4742 ssi.
1359 4693 1427 4745 xlv.
1469 4698 1491 4765 ι)
1511 4695 1542 4746 in
1562 4694 1632 4746 eon.
1650 4693 1722 4746 Vill.
1744 4710 1769 4749 o.
1795 4690 1884 4746 eth.
1914 4694 1940 4746 3.
1961 4687 2098 4755 allegatur
2120 4685 2166 4744 tit,

371 4789 405 4823 ¹⁸
423 4771 453 4821 1⁴·
476 4770 520 4835 55·
539 4767 561 4838 5·
580 4768 607 4834 b·
627 4802 635 4816 ·
653 4805 662 4825 ·
681 4805 689 4822 ·
709 4763 729 4834 5
753 4765 792 4832 ι5·
811 4764 842 4813 ⁰·
861 4778 895 4811 Μ
917 4777 982 4814 ¹⁰1¹!
1003 4777 1080 4817 mel·
1119 4759 1178 4830 ὅθ’)
1197 4758 1240 4812 lta
1290 4759 1324 4815 de
1343 4767 1456 4835 testibus
1473 4779 1500 4825 et
1520 4764 1736 4838 quaestionibus.
1832 4765 1860 4831 a)
1887 4759 1969 4816 Goth.
1988 4774 2042 4813 am.
2064 4768 2098 4816 et,
2136 4753 2165 4811 S.

372 4841 452 4906 iiai.;
478 4838 511 4895 V.
529 4834 614 4888 Rebd.
633 4848 676 4888 ne.
712 4832 781 4890 (lod,
800 4833 840 4883 iil.
859 4843 897 4883 ut.
915 4829 964 4881 sed
982 4830 1105 4887 i'aureli.
1128 4842 1158 4884 us
1177 4828 1240 4898 (ne).
1292 4832 1352 4883 Cui.
1368 4835 1411 4888 66.
1431 4839 1472 4889 86,
1492 4835 1595 4887 Genea,
1618 4839 1667 4887 Au,
1688 4835 1746 4887 eut,
1804 4831 1929 4899 3)G02h,
1949 4832 1994 4881 Bo.
2012 4829 2166 4896 sarm.

373 4913 421 4975 33)
439 4909 480 4964 t't.
501 4909 536 4964 is.
598 4906 643 4973 34)
661 4905 696 4956 V.
715 4901 799 4953 Rebd.
818 4900 914 4955 cadat.
949 4902 994 4968 35)
1020 4899 1077 4950 Hal.
1107 4917 1239 4952 nonnun·
1290 4914 1347 4959 tur.
1418 4907 1446 4974 4)
1476 4905 1563 4958 lidern
1587 4905 1667 4957 inser.
1689 4904 1730 4958 de.
1794 4904 1820 4972 5)
1840 4902 1882 4956 Cl.
1901 4905 1919 4954 1.
1949 4902 1992 4956 ιδ.
2011 4915 2053 4968 pr.
2075 4899 2108 4953 Ι).
2128 4895 2164 4947 de

374 4998 468 5048 quam.
523 4977 575 5043 36).
597 4974 658 5025 ital.
676 4972 799 5030 soluerit.
852 4970 897 5039 37)
923 4970 985 5025 Hal.
1013 4969 1097 5023 Rehd.
1114 4970 1242 5023 inserunt
1291 4979 1446 5040 quassum„
1482 4979 1513 5040 6)
1535 4974 1618 5027 Goth¹
1637 4975 1727 5044 primo
1745 4975 1814 5026 poco,
1854 4973 1960 5043 vag,
1981 4980 2001 5023 ς,
2020 4981 2062 5022 “g
2079 4967 2122 5020 μοι
2142 4977 2164 5017 2,

373 5049 484 5107 iudicis.
522 5043 721 5116 38)Quaealii
742 5041 872 5110 exLL.9
891 5047 920 5090 et
940 5057 977 5092 ιι.
996 5040 1028 5090 D.
1050 5039 1084 5090 de
1104 5039 1242 5108 publicata.
1291 5047 1393 5098 aetatis
1412 5042 1529 5098 ridetur.
1576 5043 1616 5117 [xl
1639 5042 1673 5112 55.
1692 5062 1733 5098 aa.
1754 5043 1931 5103 ..neuin
1953 5039 2049 5110 ι8.5.
2071 5038 2164 5094 rut-3·

372 5121 425 5173 hoe
446 5116 673 5175 iocodederunt,
692 5111 755 5163 ride
774 5125 855 5179 supra
874 5109 916 5162 sit.
944 5112 985 5162 ιΔ.
1031 5107 1072 5182 [r]
1094 5110 1120 5162 b.
1141 5111 1183 5164 33
1204 5127 1241 5160 rr.
1292 5112 1559 5178 hieromnemon.
1600 5114 1631 5180 8)
1645 5116 1677 5167 V.
1697 5116 1812 5170 animus.
1855 5116 1884 5182 9)
1903 5112 1964 5163 Hel.
1986 5111 2020 5163 ob
2062 5109 2164 5162 ruerit.

410 5264 482 5320 iiiii.
501 5263 520 5334 5
529 5281 554 5318 s.
568 5261 597 5312 Si
609 5255 679 5309 servi
689 5254 793 5308 fiscales
803 5256 912 5325 aliquid
927 5255 1040 5308 domino
1054 5255 1244 5313 nuntiaverint
1294 5257 1359 5312 dinc
1374 5263 1536 5327 puniuntor,

373 5343 457 5404 atquc
469 5330 655 5402 prodiderint,
675 5325 810 5386 delatores
822 5342 880 5377 esse
894 5341 950 5377 non
964 5325 1103 5379 videntur.
1133 5326 1242 5378 Sonesi
1327 5327 1431 5398 le.§
1461 5348 1483 5386 ι,
1502 5330 1530 5379 Si
1550 5324 2013 5382 peusincriminibumimenfflt
2031 5323 2165 5382 voluerit,

373 5405 476 5473 ‘liqui'
495 5417 540 5453 ⁸⁰⁸
552 5397 587 5450 “d
598 5398 668 5452 hm
683 5412 740 5450 ‘⁰¹¹¹
757 5394 954 5451 immisti&
965 5396 1154 5464 instigaverit,
1178 5412 1242 5447 eum
1294 5398 1418 5451 adiribita
1435 5408 1538 5452 tortura
1552 5399 1716 5454 desosiiset
1734 5398 1857 5452 admissis
1873 5397 1930 5451 suis
1947 5394 2029 5449 fateri
2046 5396 2163 5461 eogissu.

373 5468 711 5542 prodereeompelluntur.
741 5467 789 5537 qui
806 5481 866 5517 eum
879 5462 1005 5534 proditus
1020 5466 1054 5517 ab
1072 5467 1128 5518 iilis
1145 5467 1241 5526 luerit,
1294 5473 1422 5540 (Gener.)

374 5539 516 5614 itopuoiri
526 5538 647 5602 iubetur,
669 5533 901 5610 quemadmodum
911 5533 1047 5587 delatores
1056 5537 1183 5607 proiuris
1193 5552 1241 5588 ar·
1466 5574 1490 5611 a,
2061 5564 2086 5593 a.

873 5634 891 5665 Ψ
