4560 6562
431 359 502 431 ³95

429 563 466 600 ne
485 548 613 617 respondi
632 545 761 598 maritum
779 548 808 598 in
829 542 947 612 negotiis
966 542 1059 594 saxosis
1083 542 1144 593 sine
1170 538 1297 592 mandato

431 652 487 688 non
516 642 589 687 recte
617 630 723 703 aliquid
758 631 889 682 delinire:
918 645 969 680 nee
996 643 1075 698 posse
1111 628 1218 697 aliquid
1251 627 1297 677 lsr-

431 739 505 773 mum
526 721 590 770 ct¹⁸
616 717 717 770 stabile
749 732 808 767 csse
836 716 911 784 quod
940 717 999 767 sine
1031 716 1200 767 conscientia
1229 729 1298 763 uno·

432 811 467 859 ris
490 807 523 857 de
555 806 635 857 rebus
661 804 764 855 uxoriis
797 803 869 853 visus
901 797 989 850 tuerit
1018 801 1198 870 transegisse,
1217 815 1298 868 prae·

432 895 525 944 sertim
550 895 572 943 si
599 891 728 940 docentur
757 888 863 938 inutilis
897 902 955 938 csse
983 896 1010 938 et
1039 889 1098 938 sine
1130 887 1297 956 aequalitate

432 980 473 1027 rel
510 978 732 1046 compensatione
764 975 822 1041 ipsa
859 971 965 1024 divisio.
1021 973 1121 1024 Notum
1152 981 1192 1023 est
1221 970 1297 1040 quod

432 1068 515 1116 etiam
541 1064 563 1113 si
595 1060 725 1113 mandato
751 1060 843 1109 uxoris
874 1062 1030 1122 niteretur,
1070 1067 1097 1110 et
1133 1057 1296 1110 iraudulen-

433 1159 459 1199 ta
481 1149 577 1200 divisio
597 1148 641 1197 vcl
669 1148 759 1197 minus
789 1146 910 1214 aequalis
942 1153 1034 1214 posset
1058 1145 1184 1206 ostendi,
1212 1161 1296 1195 vacua

430 1244 457 1285 et
478 1236 566 1286 inanis
584 1234 742 1302 specialiter
763 1239 924 1284 remaneret.
960 1233 1038 1283 lldde
1056 1232 1131 1302 quod
1150 1234 1209 1283 sinc
1228 1248 1296 1283 sano·

431 1324 466 1370 ris
486 1321 653 1372 conscicntia
673 1320 787 1371 maritus
808 1317 909 1370 dieitur
928 1318 1068 1381 delinisse,
1086 1320 1195 1387 qualem
1216 1326 1295 1386 pote·

429 1409 466 1457 rit
488 1408 590 1459 habere
608 1405 757 1457 virtutem?
787 1413 834 1456 aut
862 1404 929 1474 quid
951 1402 1068 1467 valebit,
1098 1405 1294 1473 cumprimum

428 1494 481 1545 boc
496 1495 624 1562 refragari
642 1491 780 1543 volucrit?
817 1491 870 1542 Sed
889 1507 923 1541 uc
943 1492 1013 1541 iortc
1031 1491 1106 1542 dicat
1124 1490 1254 1558 Amplexa
1266 1507 1294 1542 es

428 1581 591 1634 divisionem
610 1586 638 1629 et
657 1579 818 1647 acquievisti
840 1577 920 1628 rebus
943 1577 1053 1639 (lisinis,
1073 1577 1294 1645 respondendum

428 1675 472 1719 est
489 1666 627 1735 legaliter,
652 1674 680 1717 et
708 1681 756 1732 pro
775 1666 848 1715 omui
869 1665 984 1713 veritate
1003 1663 1054 1713 boc
1073 1664 1230 1732 specialiter
1247 1665 1294 1715 ha·

427 1754 566 1815 bendum,
585 1752 650 1821 quia
668 1753 749 1802 etiam
767 1753 839 1802 inter
856 1752 972 1801 maiores
993 1767 1122 1818 personas
1142 1759 1170 1802 et
1183 1752 1293 1820 legnice,

427 1841 450 1888 si
467 1839 640 1891 fraudulenta
662 1836 760 1889 divisio
781 1837 850 1888 saeta
869 1837 1018 1906 probetur,
1037 1838 1143 1905 legibus
1159 1838 1293 1889 rescindi·

426 1934 471 1976 tur
479 1964 488 1990 ,
505 1933 534 1997 et
550 1943 564 1976 a
584 1923 675 1976 iudice
692 1924 791 1976 divisio
811 1925 886 1993 ipsa,
904 1923 1111 1975 aestimantibus
1130 1924 1231 1990 nsagnis
1252 1925 1294 1974 vi-

404 2007 480 2070 'ris‚
500 1998 533 2061 ad
551 2011 666 2062 meliora
686 2010 842 2061 reducitur:
863 2014 891 2061 et
914 2011 1224 2078 iactagompensatiouc
1247 2009 1294 2058 iir-

424 2100 497 2148 mior
513 2097 615 2157 divisio
635 2096 815 2147 constituitur
833 2098 903 2146 sieut
922 2097 965 2147 lca
983 2096 1054 2146 inira
1067 2097 1088 2131 ¹⁹
1112 2097 1211 2164 scripta
1234 2099 1293 2147 evi-

426 2184 502 2235 denti
524 2184 643 2234 lcctioue
663 2183 791 2232 declarat.
835 2201 866 2232 ex
887 2200 1001 2233 consone
1021 2200 1127 2233 cnecon.
1147 2200 1295 2234 sinuosius

424 2270 527 2337 „impp
549 2269 736 2320 Diocletianus
755 2277 783 2320 et
799 2269 979 2318 Maximianus
1001 2269 1052 2324 llil,
1065 2268 1192 2318 Aureliae
1204 2272 1226 2303 ²⁰
1244 2268 1292 2318 Se-

424 2357 561 2412 „verae¹¹
585 2359 626 2404 An
647 2356 765 2412 divisio.
782 2368 862 2424 qssam
880 2356 933 2405 iam
953 2355 1051 2405 iactam
1070 2370 1127 2405 csse
1151 2358 1293 2424 proponis,

422 2441 557 2496 „convelli
576 2440 692 2501 debeat,
712 2447 802 2492 rectos·
822 2443 980 2508 provinciae
1003 2451 1146 2509 praesente
1159 2451 1234 2509 purte
1249 2442 1292 2492 di-

316 2544 329 2567 ·
421 2541 512 2584 ,mersa
533 2526 681 2594 diligenter
703 2526 882 2578 examinabit:
906 2535 933 2579 et
954 2530 976 2578 si
1000 2527 1145 2578 fraudibus
1165 2543 1291 2580 easnnon

421 2614 557 2670 „caruisse
578 2615 790 2682 perspexerit²²‚
810 2613 920 2681 quando
940 2614 1021 2665 etium
1044 2614 1221 2665 maioribus2³
1239 2616 1292 2665 in²⁴

420 2715 581 2766 „perperam
602 2699 680 2749 iactis
702 2697 886 2779 divisimus
913 2701 1001 2750 soleat
1024 2700 1184 2761 sssbveniri,
1215 2699 1291 2769 quod

422 2786 595 2853 „improbum
616 2793 700 2855 atque
722 2785 907 2854 inaequaliter
925 2785 1027 2836 iactum
1047 2802 1105 2838 esse
1126 2787 1291 2849 constiterit,

420 2871 468 2925 „in
486 2872 585 2921 melius
605 2871 773 2922 reformabit.
792 2872 837 2921 PP.
857 2870 938 2922 xvii.
963 2872 1024 2924 Kal.
1043 2872 1093 2923 Iul.
1114 2872 1181 2942 ipsis
1201 2873 1243 2924 Vi.
1264 2882 1291 2926 et

419 2958 599 3014 „Constantio
611 2960 634 2992 ²⁵
653 2959 699 3008 lli.
723 2957 816 3008 Coss.''

419 3045 488 3094 iren
507 3060 569 3095 sors
588 3062 676 3095 nonen
697 3060 774 3095 niuno
794 3062 826 3096 rr
844 3061 975 3098 consone:

419 3129 523 3197 „impp
560 3130 749 3181 Diocletianus
787 3139 814 3182 et
844 3131 1027 3182 Maximianus
1064 3133 1117 3184 Ari.
1152 3135 1289 3201 Aproniae

421 3217 583 3270 ..blammae
631 3216 660 3265 Si
693 3217 793 3268 divisio
813 3217 885 3268 inter
904 3224 930 3267 tc
954 3224 1120 3271 etsororcm
1139 3228 1214 3272 tuam
1233 3236 1290 3273 non

420 3301 510 3357 „bona
530 3300 583 3352 ildc
599 3302 668 3352 sucta
690 3311 740 3363 est,
761 3304 843 3352 etiam
864 3305 931 3354 citra
947 3305 1134 3373 principalis²⁶
1152 3307 1290 3358 restituti·

420 3388 499 3442 „onis
518 3388 669 3448 auxilium,
687 3388 862 3457 quodetiam
882 3389 1032 3440 maioribus
1052 3390 1137 3440 tribui
1156 3391 1236 3453 solet,
1254 3390 1289 3443 sd

420 3473 587 3542 „aequitatis
608 3483 850 3541 temperamentum
871 3475 1011 3526 reformari
1030 3484 1137 3543 potest,
1165 3492 1215 3529 esc.
1243 3477 1288 3530 ΡΡ.

422 3558 482 3613 ..vi
506 3560 565 3609 iial.
584 3561 634 3611 lul.
653 3560 821 3613 Maximiano
842 3561 874 3610 ll.
896 3567 924 3610 et
944 3562 1044 3630 Aquila
1069 3561 1269 3614 Consulib.²⁷”

468 3713 480 3722 .
492 3645 535 3694 lii.
572 3644 596 3693 Τ
598 3646 667 3697 ertio
686 3647 747 3696 loco
766 3647 808 3697 vel
828 3646 916 3715 capite
939 3648 1160 3715 interrogandum
1173 3666 1289 3719 mespe-

423 3732 551 3781 cialius²⁰
569 3734 716 3793 censuisti,
745 3739 836 3784 utrum
859 3741 952 3785 contra
971 3734 1104 3786 iudicium
1132 3737 1166 3788 iri
1187 3739 1288 3806 possit,

421 3816 496 3886 qssod
515 3817 643 3870 adversus
666 3821 793 3870 maritum
816 3821 845 3870 in
863 3836 942 3871 easrsa
960 3822 1085 3873 mulieris
1104 3825 1180 3890 prius
1193 3823 1288 3877 datum

422 3911 477 3966 est,
508 3921 541 3955 co
562 3904 635 3975 quod
653 3903 779 3956 mandato
799 3921 863 3955 usus
883 3906 969 3959 inerit
986 3909 1078 3958 uxoris
1098 3923 1182 3972 suae,
1211 3918 1239 3962 et
1258 3912 1289 3962 in

421 4005 501 4041 causa
522 3991 581 4056 ipsa
600 3992 685 4041 victus
705 3989 883 4052 abscesserit,
909 3999 937 4042 et
957 3999 1051 4043 contra
1071 4009 1132 4044 eum
1154 3994 1287 4047 iudicium

420 4076 557 4144 prolatum
577 4058 670 4126 fucrit.
705 4075 844 4126 Addidisti
865 4078 945 4127 etiam
965 4078 1039 4147 quod
1058 4079 1215 4132 mandatum
1233 4098 1284 4132 nc-

652 349 993 431 CONSULTATIO
1018 349 1228 428 VETEiiiS
1252 347 1634 424 IURISCONSULTI.
1668 348 1800 423 CAPP.
1827 352 1874 423 ii.
1909 348 1976 422 iii.

2143 352 2215 423 396

1347 538 1406 591 litis
1427 538 1508 590 initio
1537 554 1592 590 non
1619 540 1824 610 inquisierunt,
1855 541 1924 591 sicut
1949 549 1990 591 est
2014 540 2168 607 legitimum
2181 543 2215 592 ³⁰:

1347 642 1400 678 nec
1417 625 1543 677 iecerunt
1564 633 1595 677 ut
1613 627 1803 678 satisdatorem
1823 625 1902 679 daret
1927 634 2107 696 procurator,
2145 627 2219 695 quod

1348 719 1376 763 et
1396 712 1605 764 consuetudinis
1630 720 1672 764 est
1697 720 1726 763 et
1751 729 1779 765 re
1805 728 1868 764 vera
1897 713 2023 782 legaliter
2048 712 2216 766 observatur.

1346 814 1378 848 ae
1399 806 1542 867 praeterea
1561 802 1584 851 si
1602 797 1654 851 hoe
1671 799 1770 852 iactum
1788 815 1846 852 non
1865 807 1920 862 est,
1949 800 2053 849 nullam
2072 815 2215 868 personans

1345 884 1445 937 habuit
1466 885 1600 953 litigandi.
1642 886 1691 938 sed
1709 887 1818 943 necilli
1842 893 1992 953 potuerunt
2012 886 2041 935 in
2060 899 2142 935 carisa
2155 899 2214 952 pro·

1346 972 1417 1024 ferse
1435 970 1578 1035 iudicium,
1597 973 1644 1024 ubi
1660 973 1716 1025 fuit
1727 972 1969 1033 ³¹-ludilicatoria,
1988 971 2081 1022 inanis
2099 971 2213 1022 utnulla

1345 1074 1469 1126 persona.
1505 1056 1581 1126 Quid
1601 1065 1768 1127 potestesse
1788 1056 1938 1110 miserius?
1965 1059 2033 1126 quid
2060 1057 2214 1109 abiectius?

1346 1143 1413 1214 quid
1434 1143 1541 1211 legibus
1561 1144 1601 1194 sic
1618 1146 1803 1204 contrarium,
1834 1152 1864 1194 ut
1885 1143 2056 1211 ingrediatur
2072 1143 2213 1195 audienti·

1345 1249 1405 1293 am,
1433 1230 1595 1282 sedentibus
1615 1229 1770 1292 iudicibus,
1792 1231 1856 1293 ille,
1876 1231 1924 1299 qui
1946 1230 2050 1280 nullam
2073 1229 2103 1280 in
2123 1244 2151 1280 se
2167 1228 2211 1279 lra-

1344 1318 1409 1369 beat
1431 1318 1604 1379 isunitatem,
1634 1325 1662 1368 et
1680 1319 1748 1369 citra
1767 1316 1858 1384 legum
1877 1317 2009 1369 solemnia
2028 1330 2114 1367 vanas
2131 1317 2210 1367 actio·

1345 1419 1392 1454 nes
1415 1402 1561 1455 intendat?
1597 1403 1709 1472 Respice
1728 1405 1801 1471 leges
1820 1403 1915 1454 subter
1933 1401 2072 1454 adiectas:
2097 1406 2209 1455 tuncin-

1344 1489 1469 1558 telligcs,
1500 1489 1575 1559 quod
1594 1491 1641 1560 qssi
1660 1490 1789 1541 mandato
1820 1490 1908 1540 utitur
1934 1489 2127 1541 satisdatorem
2151 1490 2209 1539 dare

1344 1576 1436 1628 debet.
1474 1576 1528 1627 Sed
1548 1578 1576 1628 in
1597 1577 1646 1628 iilo
1664 1576 1792 1629 mandato
1812 1575 1865 1628 hoc
1884 1576 2006 1629 loturum
2029 1584 2082 1636 cst,
2101 1575 2149 1626 nbi
2167 1586 2209 1626 sut

1343 1664 1428 1716 verbo
1440 1662 1598 1727 nrandatnr,
1617 1671 1667 1714 ant
1683 1667 1766 1732 gestis
1786 1663 1903 1731 epistola
1925 1661 2050 1714 mandati
2073 1677 2128 1712 nnn
2138 1664 2159 1694 ³²
2177 1663 2208 1711 le·

1344 1753 1417 1820 gitur
1433 1751 1555 1821 allegata.
1594 1752 1663 1820 Ergo
1683 1750 1873 1801 testimonium
1894 1750 1996 1819 legum,
2013 1751 2088 1802 sicut
2108 1751 2160 1801 ism
2171 1747 2208 1797 di·

1344 1845 1415 1887 ctam
1437 1847 1491 1898 est,
1513 1839 1688 1906 sequentium
1707 1837 1856 1905 diligenter
1872 1837 2018 1888 attendite.
2056 1835 2104 1886 Sic
2131 1851 2208 1902 agon·

1343 1924 1424 1975 scetis
1445 1923 1578 1974 iudicium
1598 1932 1668 1974 stare
1688 1940 1744 1974 non
1765 1939 1865 1990 posse,
1888 1921 1937 1973 ubi
1958 1922 1994 1973 ad
2013 1921 2151 1991 agendum
2171 1937 2208 1969 so·

1342 2011 1441 2061 lemnis
1460 2026 1593 2078 persona,
1618 2010 1646 2060 id
1670 2018 1712 2061 est
1743 2010 1902 2061 solemniter
1919 2008 2068 2069 ordinata,
2093 2009 2205 2075 ingressa

1342 2115 1398 2149 non
1417 2097 1509 2148 luerit.
1534 2115 1567 2147 rr
1580 2111 1942 2148 aauanssenresrssnusrssa.
1962 2112 1994 2146 s.:
2015 2096 2038 2128 ³³

1342 2183 1538 2241 „Voluntarius
1550 2191 1731 2259 poeurator,
1752 2185 1799 2253 qui
1818 2198 1847 2234 se
1866 2183 1987 2251 negotiis
2006 2181 2108 2231 alienis
2126 2185 2205 2241 oilert,

1343 2286 1417 2326 „reru
1432 2278 1516 2322 ratum
1535 2269 1677 2320 dominum
1697 2268 1854 2320 habiturum
1873 2283 1969 2319 carere
1989 2267 2084 2318 debet.
2097 2270 2111 2289 ”

1341 2355 1402 2409 irnu
1413 2372 1472 2407 sess
1480 2371 1566 2407 nonest
1576 2373 1652 2407 niano
1663 2373 1693 2406 er
1706 2371 1837 2406 coenosas
1861 2355 1884 2389 lt
1893 2355 1909 2375 ''

1341 2444 1465 2499 „Actoris
1483 2451 1643 2511 procurator
1654 2459 1709 2493 non
1723 2441 1810 2493 solum
1824 2439 1966 2493 absentem
1984 2439 2143 2493 defendere.
2161 2438 2205 2489 sed

1341 2537 1387 2585 „et
1408 2536 1567 2581 reseratam
1587 2527 1728 2579 dominum
1745 2526 1905 2578 habitururn
1926 2525 2061 2578 satisdare
2077 2526 2203 2592 cogitur.''

1340 2617 1404 2666 Iners
1421 2632 1484 2666 sess
1504 2633 1591 2666 nouere
1611 2631 1686 2666 eraso
1705 2632 1737 2666 rr
1754 2629 1882 2665 consona:
1906 2615 1928 2648 ³⁵

1340 2702 1484 2791 „Petitog's
1512 2708 1672 2771 procurator
1697 2718 1753 2753 rem
1775 2707 1860 2752 ratam
1880 2698 2025 2751 dominnm
2044 2696 2202 2749 habitururn.

1339 2787 1532 2846 „desiderante
1550 2787 1728 2849 aduersario,
1748 2786 1879 2839 satisdare
1897 2783 2037 2852 cogendus
2060 2793 2115 2841 est;
2143 2787 2201 2851 quis

1339 2891 1436 2930 usnemu
1457 2877 1485 2925 in
1504 2891 1532 2926 re
1552 2874 1642 2925 aliena
1664 2874 1781 2925 idoneus
1800 2873 1918 2924 estsine
1939 2870 2130 2922 satisdatione.
2141 2871 2154 2887 ‘'

1338 2963 1402 3012 iren
1420 2979 1481 3013 sesa
1499 2977 1585 3012 nonen
1603 2976 1681 3011 nsnno
1700 2977 1731 3011 rr
1749 2956 1930 3016 consonas&

1338 3033 1386 3105 ‚isi
1406 3050 1471 3100 satis
1489 3064 1546 3098 non
1565 3045 1611 3098 det
1631 3053 1789 3114 procurator
1807 3044 1945 3107 absentis,
1967 3043 2043 3096 actio
2053 3043 2080 3094 ei
2090 3041 2200 3092 absentis

1337 3135 1466 3191 „nomine
1487 3152 1544 3186 non
1563 3133 1670 3189 datur,’'

1339 3219 1415 3291 Quid
1435 3223 1576 3289 apertius,
1601 3235 1682 3292 qsram
1711 3219 1784 3288 luges
1811 3233 1892 3287 supra
1916 3215 2037 3284 scriptae
2055 3214 2199 3273 declarant,

1338 3306 1412 3377 quod
1436 3307 1513 3358 nulla
1542 3309 1613 3359 actio
1642 3324 1692 3374 per
1718 3312 1922 3373 procuratorem
1941 3305 2002 3355 sine
2028 3302 2199 3361 sst'nrlatione

1338 3392 1444 3444 intendi
1464 3399 1555 3461 potest
1581 3399 1630 3442 aut
1648 3389 1787 3459 proponi?
1824 3391 1892 3459 Ergo
1912 3389 1935 3441 si
1953 3390 2028 3441 ectio
2047 3405 2103 3440 non
2125 3387 2196 3437 datur

1338 3481 1380 3531 illi
1400 3481 1587 3547 procuratori,
1613 3480 1662 3547 qui
1683 3477 1749 3528 satis
1769 3491 1825 3527 non
1846 3475 1972 3535 desierit,
1998 3475 2138 3544 quomodo
2154 3489 2198 3539 pu·

1337 3569 1404 3617 terit
1414 3567 1436 3600 ³⁷
1453 3564 1509 3615 dici
1527 3571 1575 3614 asst
1594 3563 1730 3614 nominari
1750 3561 1882 3612 iudicium
1893 3598 1902 3623 ,
1926 3559 1974 3610 ubi
1994 3556 2198 3611 accusationis*

1336 3655 1481 3721 vestigium
1491 3651 1648 3703 nullatcnus
1661 3646 1823 3700 invenitur?
1843 3645 1919 3714 Quid
1935 3646 2119 3697 testiiicantur
2131 3645 2199 3712 prin-

1337 3743 1410 3807 cipes
1430 3754 1478 3806 per
1500 3737 1711 3788 constitutiones
1733 3737 1905 3793 innumeras,
1924 3732 1979 3781 nisi
1998 3732 2076 3782 nulla
2088 3746 2144 3780 esse
2156 3729 2198 3776 de·

1338 3827 1401 3878 berc
1421 3825 1543 3885 iudicia,
1570 3822 1619 3873 ubi
1639 3828 1799 3890 procurator
1817 3816 2027 3870 satisdationem
2049 3834 2104 3868 non
2123 3811 2197 3864 deds-

1337 3913 1390 3973 rlt,
1408 3918 1456 3961 aut
1475 3925 1529 3960 rem
1551 3914 1636 3959 ratam
1655 3906 1796 3958 dominum
1814 3905 1976 3955 habiturum
1999 3902 2198 3954 evidentissima

1337 3999 1484 4067 sponsione
1504 3993 1641 4046 firmarit?
1685 3995 1813 4044 Attentos
1831 3990 1897 4065 audi
1927 3989 1995 4059 quid
2016 3988 2141 4059 loquitur
2159 3985 2197 4035 les

1339 4081 1433 4137 subter
1452 4081 1574 4133 adiecta:
1604 4088 1670 4131 tunc
1689 4078 1827 4146 intelliges
1857 4076 1955 4129 cadere
1985 4074 2108 4135 iudicia,
2134 4086 2198 4142 quse

421 4178 475 4232 que
494 4162 575 4230 gestis
598 4161 722 4230 legaliter
740 4162 825 4214 fucrit
843 4162 1004 4231 allegatum,
1025 4180 1075 4215 nce
1096 4164 1286 4218 satisdatorem
1337 4173 1397 4221 siue
1415 4167 1600 4236 procuratoris
1619 4165 1799 4218 satisdatione
1819 4163 1923 4215 luerint
1950 4161 2066 4212 omuino
2092 4159 2198 4228 prolata.

421 4246 543 4299 dedisset
560 4247 609 4298 illc
636 4249 695 4315 ipse
721 4257 882 4316 procuratos·
899 4248 934 4300 ab
951 4264 1036 4300 uxore
1059 4249 1165 4313 iactus,
1196 4259 1224 4303 ct
1248 4257 1287 4306 sic
1336 4259 1376 4311 Ex
1394 4272 1509 4307 corrone
1527 4269 1702 4305 Turonorum
1720 4269 1770 4303 nra.
1790 4250 1870 4303 u.;⁸⁹

422 4349 525 4384 casssam
545 4333 675 4395 dixisset,
693 4350 774 4403 quarn
794 4334 892 4402 agebat
904 4334 928 4370 ²⁹
972 4333 1055 4402 Quod
1080 4338 1103 4385 si
1125 4353 1216 4389 verum
1237 4348 1286 4402 cst,
1336 4345 1440 4411 „impp
1460 4339 1671 4393 Valentinianus
1691 4345 1720 4389 et
1737 4337 1839 4388 Valens
1863 4335 1955 4387 ΑΜ
1979 4333 2134 4384 Cosnrnune
2152 4344 2196 4379 rse-

421 4418 718 4471 iiludiudiciumdici
739 4428 911 4489 nonposest
947 4421 996 4471 sed
1021 4436 1073 4472 nec
1101 4422 1205 4476 iudices
1226 4430 1286 4478 siue
1336 4429 1456 4499 „gotium
1477 4435 1505 4478 et
1524 4425 1687 4497 quibusdam
1706 4421 1866 4476 absentibus
1885 4422 1926 4488 agi
1939 4421 2073 4489 potcst⁴¹,
2094 4417 2197 4486 siprae·

421 4505 585 4556 verecundia
606 4513 634 4557 et
652 4505 826 4575 turpitudine
848 4514 938 4569 eruut,
957 4509 1004 4576 qui
1022 4524 1165 4576 personam
1186 4512 1286 4580 inipso
1336 4523 1444 4572 „sentes
1462 4530 1518 4565 rens
1543 4519 1628 4564 ratam
1652 4511 1792 4562 dominum
1809 4508 1971 4560 habiturum
1989 4508 2121 4559 casere⁸²
2149 4503 2198 4554 sint

420 4625 2196 4653 mmm—„w

427 4717 468 4777 ssi
508 4727 534 4768 et
557 4715 635 4767 abest
662 4733 726 4784 opp.
758 4733 798 4785 77.
829 4717 888 4769 Cot.
921 4720 962 4785 78.
996 4719 1064 4770 Gen.
1093 4723 1135 4776 86.
1244 4726 1286 4793 sp)
1337 4727 1381 4793 26)
1399 4724 1558 4794 principale
1576 4724 1655 4788 Greg.
1675 4720 1741 4772 Cod.
1759 4719 1823 4788 tgd.
1837 4720 1948 4771 dui‘ar.
1964 4717 2006 4770 86.
2045 4713 2196 4786 27)p.Clss.

424 4790 537 4854 Srssssptn
566 4793 608 4837 est
631 4803 664 4836 ex
692 4786 719 4834 ls.
747 4788 796 4853 leg.
818 4786 846 4837 L.
869 4790 893 4839 3.
923 4788 944 4837 Ι.
968 4788 998 4838 C.
1017 4805 1150 4843 commun.
1172 4799 1223 4844 nir.
1243 4796 1286 4844 iu-
1336 4813 1357 4846 a.
1378 4798 1437 4849 286.
1492 4799 1537 4858 as)
1556 4791 1721 4863 specialibus
1740 4788 1809 4839 Gen.
1827 4791 1869 4841 86.
1927 4787 1975 4855 29)
1997 4804 2083 4856 quous
2105 4785 2198 4855 agebat

422 4859 476 4908 dic.
597 4857 642 4920 no)
660 4855 679 4904 i.
701 4856 728 4905 Ο
748 4860 801 4907 ΑΛ.
820 4868 847 4908 et
870 4859 1001 4912 Assreiiae
1029 4874 1072 4926 ap.
1093 4861 1150 4912 ilai.
1176 4878 1239 4914 vero
1258 4876 1286 4917 es
1335 4863 1414 4914 abest
1432 4862 1487 4913 Par.
1507 4865 1550 4917 86.
1604 4864 1649 4929 3ο)
1668 4860 1758 4930 legum
1777 4858 1834 4909 Par.
1849 4860 1890 4914 86.
1944 4856 1990 4923 31)
2007 4855 2199 4924 procuratoris

424 4929 474 4979 CC.
496 4925 596 4977 absunt
625 4925 662 4973 ita
690 4941 801 4995 quoque
824 4927 862 4992 rui
888 4927 1021 4980 Aureliae
1046 4929 1145 4982 omisso
1174 4933 1233 4984 Hal.
1257 4939 1285 4984 et
1335 4935 1453 4985 inseruit
1466 4934 1498 4994 ii.
1521 4947 1553 4982 ex
1573 4931 1627 4982 Par.
1648 4933 1690 4985 86.
1709 4927 1854 4980 aliacedsl.
1880 4925 2199 4977 lrocvcrbusn'osnittusst

423 4997 502 5048 (lunt.
521 4999 549 5046 in
571 4996 589 5044 1.
608 4992 636 5046 C.
657 4994 707 5063 leg.
804 4995 849 5065 ar)
867 4997 1015 5065 Septimiae
1040 4996 1151 5064 Gregor.
1171 5001 1236 5054 Coti.
1256 5003 1284 5053 in
1842 4999 1886 5064 32)
1904 5012 1962 5046 non
1980 4994 2062 5046 abest
2080 4995 2137 5045 Par.
2156 4994 2198 5046 36

422 5067 484 5118 edsl.
505 5066 565 5116 Cui.
581 5067 625 5117 66.
643 5072 670 5114 et
690 5066 759 5115 Gen.
777 5067 818 5117 86.
837 5072 866 5115 et
885 5068 1032 5134 pleraeque
1052 5069 1112 5122 i.C.
1127 5069 1204 5122 editt.
1226 5072 1284 5123 Ali·
1334 5074 1379 5142 33)
1401 5072 1481 5122 libi.
1501 5074 1541 5123 tit.
1563 5070 1607 5120 lii.
1625 5068 1647 5139 §.
1662 5067 1686 5117 3.
1758 5068 1804 5187 34)
1834 5066 1882 5116 lib.
1901 5066 1922 5115 1.
1948 5067 1991 5115 sit.
2007 5063 2124 5133 sitsi.
2138 5063 2196 5111 Vnt.

422 5152 533 5187 osvero
563 5135 651 5202 legere
674 5135 797 5194 Mauro,
825 5135 893 5184 alios
920 5139 1020 5190 Severo
1041 5138 1069 5188 in
1089 5139 1108 5186 i.
1130 5140 1157 5189 C.
1177 5143 1284 5192 notavit
1333 5142 1376 5193 Fr.
1396 5140 1491 5212 §.aaa
1527 5141 1573 5209 35)
1594 5138 1678 5190 libb
1701 5137 1742 5188 tit
1765 5138 1810 5186 lt.
1832 5134 1895 5206 §.b
1931 5133 1977 5204 36)
1994 5133 2046 5184 lib.
2058 5133 2079 5187 l.
2099 5132 2140 5182 sis
2156 5130 2197 5181 lli·

421 5204 558 5258 Charonsi.
595 5207 642 5267 aa)
661 5207 835 5272 prospexerit
856 5205 912 5255 Par.
932 5209 973 5259 86.
1022 5207 1066 5275 23)
1086 5211 1210 5279 quamvis
1227 5228 1285 5262 mo·
1334 5210 1397 5281 §.ii
1504 5213 1550 5278 37)
1575 5218 1665 5278 potest
1683 5207 1751 5258 Gen.
1769 5209 1813 5262 83.
1832 5207 1857 5256 S.
1880 5205 1907 5254 Β.
2015 5199 2198 5268 38)ssssisds·

422 5277 528 5327 ionibus
546 5276 575 5325 in
592 5291 735 5343 perperam
745 5275 838 5344 suetis
856 5272 1039 5327 divisionibus
1058 5280 1284 5331 ssonsoieatsrsd·
1333 5282 1420 5332 sionis
1455 5280 1526 5331 coni.
1555 5278 1581 5329 S.
1693 5277 1737 5346 39)
1769 5278 1797 5327 t..
1818 5293 1841 5330 2.
1871 5272 1924 5324 Th.
1943 5270 1973 5324 C.
1999 5270 2035 5322 sle
2060 5273 2198 5340 cognitore

423 5349 528 5406 vem'rs',
547 5356 638 5396 tomen
657 5340 732 5412 quod
748 5344 857 5410 Gregor.
881 5343 947 5394 Cosl.
967 5348 995 5394 in
1017 5346 1077 5397 edd.
1096 5350 1155 5397 Cui
1173 5353 1214 5399 66.
1227 5353 1283 5400 i’ar.
1333 5357 1360 5401 et
1380 5360 1524 5415 procurati.
1548 5348 1574 5400 L.
1596 5366 1617 5399 a.
1640 5348 1659 5396 l.
1679 5346 1707 5394 C.
1729 5346 1762 5397 de
1781 5352 1897 5397 consort
1920 5339 2007 5393 eiusd.
2034 5340 2077 5391 lit.
2155 5340 2196 5406 io)

423 5419 465 5469 8¹3.
486 5425 512 5465 el
535 5415 602 5466 Gen·
622 5415 663 5464 86·
738 5414 782 5480 ²²1)
804 5417 836 5464 t'tt
856 5413 934 5463 abeli
957 5414 1026 5482 Opp·
1048 5433 1088 5484 77.
1111 5419 1153 5482 84.
1174 5417 1284 5487 Colpss.
1332 5421 1352 5469 Ι.
1371 5420 1400 5468 C.
1420 5419 1481 5468 add.
1503 5420 1635 5471 Sallustio
1655 5416 1705 5468 PP.
1813 5404 1857 5479 ξι)
1888 5414 1907 5462 i·
1927 5411 1955 5461 C·
1976 5422 2040 5478 post
2064 5411 2144 5462 is'teus
2155 5411 2191 5459 ie·

422 5485 482 5533 (jeu
510 5487 549 5535 36,
613 5485 656 5547 ab)
677 5481 861 5534 Constantino
884 5482 995 5552 Gregor.
1013 5485 1123 5536 Codin
1145 5486 1205 5537 edd.
1224 5489 1282 5538 Cui.
1332 5490 1426 5558 gisisne
1444 5488 1602 5540 ordinatam
1622 5490 1705 5538 esium
1730 5482 1857 5554 ossibusd.
1883 5480 1987 5532 absent.
2016 5480 2049 5530 s‘ss
2079 5475 2196 5531 solidum

420 5557 464 5608 66.
482 5560 510 5605 et
533 5555 600 5606 Gen.
623 5554 664 5607 86.
691 5553 744 5603 aar.
765 5553 806 5609 ⁸6.
831 5552 880 5605 sed
906 5552 935 5605 iu
964 5556 1083 5623 margine
1110 5556 1282 5612 Constantio.
1332 5563 1381 5630 agi
1399 5559 1459 5614 sisse
1478 5556 1610 5612 mandato
1627 5567 1723 5626 potest.
1829 5555 1875 5622 is)
1899 5549 1951 5604 tir.
1970 5547 2117 5621 &parmi
2133 5550 2195 5601 sint·

1333 5002 1400 5054 milri
1428 5003 1560 5069 glossema
1581 5015 1639 5050 esse
1659 4999 1777 5050 videtur.
