4560 6562
503 698 979 836 IULII
1108 698 1829 863 PAULLI¹

242 954 2033 1103 RECEPTARUMSENTENTIARUM

745 1166 1524 1261 LIBERPRIMUS.
1761 1164 1765 1172 ’

984 1400 1352 1423 m*

394 1688 456 1756 m.
470 1689 492 1743 1·
499 1693 532 1738 A.
554 1689 599 1732 ΒΕ
613 1686 738 1732 orrtcro
752 1685 959 1730 ASSESSORUB.

225 1740 478 1865 {nomentan
498 1812 530 1850 eo
555 1804 686 1864 tempore,
708 1812 762 1870 quo
786 1790 904 1852 assidet,
922 1789 1035 1860 negotia
1052 1799 1115 1840 tra·

240 1891 318 1934 stare
338 1881 369 1932 in
388 1899 464 1934 suum
482 1881 593 1955 quidem
614 1878 785 1933 auditorium
804 1879 883 1930 nulla
902 1874 982 1930 modo
1001 1890 1113 1931 conces·

215 1996 218 2007 =
239 1963 299 2018 sum
317 1976 373 2030 eet.
391 1968 422 2020 in
440 1968 562 2022 alienum
581 1980 671 2023 auten
691 1985 749 2020 non
765 1964 936 2037 prohibetur.

449 2091 510 2133 TIT.
525 2089 580 2133 tn.
602 2087 650 2129 At>
664 2083 908 2127 numentanus.
980 2111 983 2117 .

241 2172 276 2246 [a]
292 2175 363 2228 Filii
386 2174 548 2229 libertorum
582 2174 800 2245 libertarumque
832 2170 929 2223 liberti
951 2174 1066 2242 paterni
1089 2183 1115 2225 et

239 2261 358 2331 patroni
365 2263 572 2315 manumissoris
584 2265 594 2295 ¹
609 2258 781 2312 domicilium
790 2268 839 2309 aut
849 2257 986 2326 originem
996 2276 1116 2330 sequun-

242 2359 298 2404 tur.
325 2349 350 2414 §.
368 2363 389 2404 t.
403 2344 494 2399 Vidua
502 2346 706 2400 mulierams'ssi
717 2344 815 2396 mariti
825 2340 997 2398 domicilium
1004 2348 1116 2408 retinet,

230 2434 365 2504 xtemplo
381 2433 554 2488 clarissimae
567 2448 705 2504 personae
723 2448 775 2501 per
785 2431 917 2483 maritum
931 2430 1051 2499 jactae:
1069 2429 1119 2484 sed

243 2531 389 2592 utmmque
402 2519 468 2574 aliis
478 2519 732 2573 intervenientibus
741 2518 846 2588 nuptiis
856 2530 1039 2586 permutatur.
1057 2517 1082 2584 5.
1092 2535 1116 2570 s.

243 2604 403 2676 Municipes
428 2618 492 2658 sunt
508 2605 604 2657 liberti
621 2605 696 2658 etin
716 2621 748 2657 eo
768 2604 841 2663 loco,
861 2603 910 2652 ubi
927 2603 982 2669 ipsi
999 2600 1117 2654 domici·

244 2695 313 2746 lium
336 2709 388 2743 sua
404 2690 549 2742 uoluntate
566 2692 710 2742 tulerunt:
727 2705 779 2742 nec
797 2683 916 2759 aliquod
931 2704 966 2739 ex
988 2687 1041 2740 boe
1058 2689 1119 2742 ori·

244 2780 309 2850 gini
327 2776 572 2848 patronisaeiunt
589 2773 808 2845 praeiudicium:
839 2784 866 2824 et
888 2774 1036 2846 utrubique
1059 2793 1119 2828 mu·

245 2864 386 2916 neribus²
417 2860 641 2930 adstringuntur.
726 2862 750 2928 §.
780 2861 808 2916 3.
846 2858 993 2927 delegatus
1019 2860 1051 2911 in
1085 2876 1119 2914 eo

244 2951 319 3011 loco,
340 2949 372 3001 in
400 2964 480 3021 quern
502 2947 643 3016 relegatus
662 2958 718 3009 ast,
736 2946 849 2999 interim
868 2946 1053 2998 necessarium
1069 2944 1121 3000 do·

245 3035 380 3088 micilium
397 3033 489 3085 babet.
560 3036 584 3098 5.
604 3031 630 3098 4.
665 3035 786 3086 Senator
796 3029 894 3083 ordine
905 3043 992 3083 motus
1008 3030 1048 3083 ad
1060 3032 1119 3085 ori-

243 3120 365 3190 ginalem
382 3118 517 3187 patriam,
535 3119 593 3168 nisi
604 3117 655 3170 boc
664 3117 825 3187 specialiter
842 3118 1041 3184 impetraveris,
1060 3133 1118 3170 non

242 3205 409 3260 restituitur.
482 3205 506 3270 5.
525 3205 550 3255 5.
575 3204 722 3255 Senatores
748 3214 773 3253 et
792 3219 886 3254 eorum
901 3201 963 3274 filii
985 3202 1118 3276 filiaeque

243 3307 354 3363 quoque
371 3290 512 3361 tempore³
530 3290 592 3340 nati
606 3301 734 3352 nataeve,
753 3289 991 3359 itemquenepotes
1007 3301 1035 3341 et
1048 3306 1116 3359 pro-

244 3379 378 3448 nepotes⁴
406 3395 440 3431 est
456 3377 520 3447 filio
541 3375 670 3444 ονίςίηἰ6
687 3377 855 3436 eximuntur,
873 3375 939 3427 licet
959 3375 1117 3443 municipa-

245 3467 298 3518 lem
315 3465 458 3516 retineant
473 3460 648 3531 dignitatem.
724 3463 748 3528 5.
770 3462 795 3513 6.
833 3462 992 3523 Senatores,
1011 3461 1062 3532 qui
1078 3461 1118 3514 li·

246 3550 338 3601 berum
363 3555 556 3608 commeatum,
578 3546 665 3599 idest
684 3547 754 3598 ubi⁶
777 3547 869 3598 velint
887 3544 1018 3598 morandi
1041 3548 1119 3600 arbi-

245 3638 341 3697 trium,
371 3636 605 3704 impetrarerunt,
639 3631 808 3684 domicilium
836 3632 868 3683 in
894 3632 962 3685 urbe
987 3634 1119 3689 retinent.

246 3725 269 3789 5.
290 3738 314 3790 7.
352 3720 407 3787 Qui
418 3718 527 3789 faenus
547 3730 689 3778 exercent,
708 3719 833 3769 omnibus
848 3718 1014 3787 patrimonii
1033 3716 1120 3770 intri-

246 3807 406 3861 butionibus
421 3804 506 3875 fungi
519 3803 629 3866 debent,
639 3805 691 3856 etsi
705 3805 905 3874 possessionem
914 3820 974 3856 non
986 3803 1119 3860 babeant.

459 3941 521 3983 t'tr.
536 3941 584 3983 1.C.
604 3940 647 3979 ms·
662 3940 908 3984 oecumenem.

246 4029 287 4104 [c]
306 4032 433 4085 Honores
461 4041 489 4084 et
517 4045 633 4080 munera
659 4046 717 4081 non
741 4026 919 4081 ordinationi
937 4033 963 4093 ¹,
994 4026 1045 4084 sed
1065 4047 1118 4100 po·

245 4118 365 4173 tioribus
390 4117 543 4188 quibusque
566 4112 740 4183 iniungenda
764 4126 836 4170 sunt.
907 4118 931 4182 5.
954 4133 979 4172 ι.
1013 4113 1118 4169 Surdus

245 4217 273 4256 et
295 4215 395 4266 mutus,
413 4204 439 4254 si
454 4204 485 4255 in
505 4214 591 4252 totum
609 4218 666 4252 non
686 4198 802 4252 audiant
815 4212 864 4252 aut
881 4219 939 4252 non
956 4201 1119 4275 loquantur,

246 4291 282 4345 ab
301 4290 453 4343 bonoribus
476 4288 616 4350 ciuilibus,
634 4306 693 4340 non
711 4288 793 4338 etiam
813 4305 831 4337 a
848 4288 1017 4351 muneribus,
1035 4306 1120 4342 escu-

246 4390 354 4431 santur.
424 4375 449 4445 §.
466 4392 492 4429 s.
528 4375 557 4427 Is
582 4375 632 4447 qui
651 4376 763 4426 nonsit
786 4371 900 4427 decurio
926 4372 1120 4428 duumviratu²

312 4671 335 4724 1.
344 4671 374 4721 Δ.
401 4666 439 4742 [s]
453 4669 482 4725 L.
491 4669 515 4727 ⁵.
535 4669 567 4725 D.
585 4685 617 4718 ne
634 4682 740 4718 orricio
754 4681 925 4724 assessorem«.
944 4669 994 4721 bu.
1014 4667 1115 4722 essin.

243 4740 316 4794 hanc
334 4740 499 4792 sententiam
528 4738 700 4804 subiungant
718 4736 801 4787 titulo
820 4736 854 4787 de
869 4743 956 4792 vacat.
976 4746 1005 4788 ct
1025 4754 1114 4791 exous.

243 4828 319 4866 mun.
339 4810 457 4879 (1.113.);
478 4809 542 4862 Ritt.
562 4823 620 4858 eam
645 4809 757 4857 omnino
779 4807 970 4870 praetermisit.
1028 4812 1052 4874 ι)
1071 4807 1116 4860 ste

244 4883 331 4936 Pb-
342 4881 464 4932 Breuem.
478 4878 549 4929 coni.
563 4877 737 4929 consiliario.
752 4875 813 4928 flat.
834 4883 863 4928 et
879 4875 913 4930 V.
928 4878 1114 4943 consiliariis,

246 4960 275 5004 et
293 4949 365 5002 intra
384 4947 521 5000 assident.
534 4983 553 4995 ..
564 4945 755 5016 probibentur.

316 5013 373 5071 [B.
401 5015 572 5089 [eliaam.
589 5031 622 5066 sn
641 5031 835 5066 notescerem.
908 5017 933 5084 ι)
951 5015 1012 5073 lest.
1031 5018 1114 5070 utli-

244 5091 329 5152 berti,
345 5089 460 5161 paterni
476 5086 592 5157 patroni
610 5097 636 5136 et
654 5085 863 5136 manumissoris
943 5085 971 5153 ο)
1005 5087 1045 5138 Fl.
1061 5106 1114 5158 pu·

244 5159 365 5214 neribus.
387 5159 526 5212 Breuem:
555 5155 687 5217 „fortasse
713 5171 762 5223 pro
809 5155 909 5208 ublicis
932 5156 1116 5209 muneribus-'²

244 5233 274 5300 ι)
309 5228 371 5281 Hal.
392 5245 502 5301 quoquo
523 5237 544 5280 t.
572 5224 630 5275 tta
650 5226 678 5275 P.
698 5242 730 5276 eo
748 5237 766 5276 t.
789 5175 821 5281 i.
843 5228 893 5297 qui
909 5243 1013 5297 quaere
1038 5245 1070 5281 ea
1093 5240 1115 5285 t.

246 5318 321 5356 tnn-
341 5312 415 5357 sunt.
486 5298 501 5363 4
551 5293 1116 5367 SicHs1,sedFl.n.pr0nep.apro.

240 5381 351 5440 neptss.
421 5369 449 5438 5)
509 5404 515 5416 .
538 5384 591 5436 pro
615 5364 724 5434 origine
743 5375 769 5417 et
785 5363 869 5435 filiis.
937 5365 967 5436 6)
1002 5366 1035 5420 V.
1054 5367 1116 5422 ubi·

164 5463 168 5469 ·
247 5455 367 5510 cunque.

1157 1679 1212 1732 ¹nel
1229 1678 1295 1732 aliis
1312 1677 1464 1733 bonoribus
1472 1678 1562 1751 fisngi
1579 1696 1637 1732 non
1653 1692 1753 1751 potest,
1772 1681 1841 1755 quia
1855 1679 2036 1748 deteriorum

1163 1761 1316 1817 bonoribus
1333 1765 1436 1836 plebeii
1444 1764 1536 1835 sangi
1552 1765 1744 1836 probibentur.
1813 1768 1888 1853 ‘'23'
1920 1766 1965 1825 At
1985 1768 2035 1826 ds·

1163 1852 1339 1903 curionatum
1358 1850 1417 1923 filii
1440 1853 1482 1902 ita
1505 1849 1610 1903 demum
1634 1864 1717 1921 pater
1741 1869 1800 1907 nan
1822 1856 1981 1920 comittit,
2008 1857 2036 1909 si

1065 1980 1069 1987 .
1162 1938 1335 1988 contrariam
1360 1937 1533 1990 voluntatem
1562 1938 1610 1992 vel
1634 1936 1710 2006 apud
1733 1949 1799 1992 acta
1819 1937 1960 2013 pr‘attidit
1987 1940 2038 1996 :vel

1163 2018 1241 2107 apud
1249 2022 1336 2092 ipsum
1354 2020 1479 2075 ordinem
1493 2023 1540 2075 vel
1553 2041 1609 2094 quo
1626 2023 1686 2075 alio
1704 2022 1785 2078 modo
1803 2036 1973 2080 contestatus
1989 2028 2035 2080 sit.

1269 2143 1330 2184 rtr.
1345 2141 1400 2184 m.
1425 2143 1469 2182 ne
1483 2142 1675 2184 sternentem
1687 2143 1731 2183 Er
1743 2147 1934 2187 notrorum.

1167 2213 1206 2288 [ο]
1231 2214 1478 2266 *Aestimationem
1501 2213 1616 2266 banaris
1639 2227 1691 2269 aut
1713 2217 1894 2276 muneris,in
1915 2218 2038 2288 pecunia

1163 2319 1217 2373 pro
1247 2299 1492 2352 administratione
1525 2298 1672 2370 offerentes
1706 2300 1844 2356 audiendi
1874 2322 1933 2355 non
1963 2315 2038 2364 sunt.

1167 2391 1190 2455 5.
1214 2405 1236 2442 s.
1274 2386 1330 2452 Qui
1344 2404 1396 2456 pro
1419 2384 1523 2437 bonore
1546 2387 1694 2456 pecuniam
1715 2388 1860 2458 promisit,
1887 2389 1914 2439 si
1931 2375 2038 2445 soluere

1166 2491 1227 2526 eam
1245 2473 1352 2542 coepit,
1370 2483 1456 2523 totam
1480 2483 1624 2535 praestare
1651 2475 1742 2544 operis
1765 2473 1892 2526 incboati
1916 2476 2039 2550 exemplo

1157 2556 1306 2625 >cogendus
1325 2568 1373 2614 est.
1461 2558 1484 2622 5.
1504 2575 1528 2610 s.
1565 2560 1676 2609 inuitus
1692 2560 1847 2630 filius'pro
1870 2570 1951 2629 patre
1980 2578 2038 2615 rem

1165 2629 1304 2699 publicam
1330 2629 1435 2678 salsam
1452 2625 1523 2697 fiere
1552 2644 1649 2681 carere
1676 2647 1734 2680 non
1762 2630 1902 2698 cogitur.'
1958 2632 1981 2696 5.
2009 2633 2037 2684 3.

1165 2713 1361 2784 Defensionem
1380 2713 1424 2764 rei
1436 2712 1565 2782 publicae
1584 2713 1701 2783 amplius
1729 2731 1811 2785 quam
1846 2716 1929 2768 semel
1951 2716 2040 2769 susci·

1164 2816 1231 2871 pers
1250 2817 1328 2852 nemo
1348 2798 1467 2874 cogitur,
1487 2801 1544 2853 nisi
1562 2797 1594 2851 id
1602 2799 1675 2872 fieri
1694 2803 1844 2855 necessitas
1859 2801 1990 2873 posnslet.

1258 2921 1320 2965 aar.
1334 2920 1384 2963 ar.
1407 2918 1452 2958 urs
1467 2919 1657 2960 racerronr
1668 2920 1713 2960 nr
1724 2896 1954 2965 excusamur

1513 2999 1690 3055 nonnanes.

1169 3084 1206 3159 [s]
1223 3075 1291 3139 vAb¹
1314 3085 1357 3137 bis
1387 3064 1537 3151 oneribus,
1567 3104 1640 3158 quae
1665 3087 1885 3159 possessionibus
1908 3089 1959 3146 vel
1985 3107 2040 3162 pa·

1166 3175 1300 3228 trimonio
1317 3171 1496 3236 indicuntur,
1525 3173 1606 3224 nulla
1622 3176 1773 3246 priuilegia
1787 3188 1935 3245 praestant
1951 3194 2042 3232 vaca·

1166 3261 1278 3312 tionem.
1349 3263 1376 3326 5.
1398 3278 1420 3318 s.
1457 3262 1561 3329 Corpus
1578 3264 1789 3313 mensurarum²
1798 3261 1942 3330 frumenti
1959 3266 2041 3318 iuxta

1166 3363 1310 3398 annonam
1327 3347 1404 3398 urbis
1422 3345 1544 3399 babent³
1564 3349 1754 3413 vacationem,·
1773 3350 1804 3399 in
1814 3348 1971 3417 prouinciis
1983 3368 2042 3404 non

1165 3432 1257 3489 irent.
1329 3435 1357 3499 5.
1372 3451 1398 3489 2.
1432 3433 1638 3502 Angariarum⁵
1659 3435 1814 3505 praestatio
1838 3444 1865 3489 et
1886 3434 2044 3506 recipiendi

1165 3517 1283 3589 bospitis
1300 3520 1451 3573 necessitas
1472 3531 1498 3573 et
1515 3520 1602 3571 militi
1618 3510 1653 3572 et¹
1670 3520 1830 3573 liberalium
1849 3522 1952 3574 artium
1972 3539 2043 3593 pro·

1165 3603 1318 3672 sessoribus
1347 3607 1422 3660 inter
1444 3616 1537 3657 cetera
1559 3607 1676 3659 remissa
1699 3618 1774 3664 sunt.
1860 3607 1884 3672 5.
1914 3608 1940 3659 3.
1983 3613 2042 3661 Ass·

1168 3689 1242 3741 ctis⁶
1267 3700 1330 3758 post
1355 3690 1570 3759 appellationem
1596 3689 1686 3744 medio
1708 3703 1829 3763 tempore
1840 3692 2041 3764 fiscultatibtss,

1165 3774 1340 3846 paupertatis
1366 3774 1477 3827 obtentu
1498 3793 1555 3827 non
1578 3789 1756 3834 excusantur.
1814 3781 1840 3845 5.
1858 3777 1885 3846 4.
1903 3778 2044 3849 Defenso-

1167 3877 1212 3914 res
1229 3862 1273 3913 rei
1285 3859 1413 3929 publicae
1425 3861 1459 3912 ab
1473 3860 1626 3917 bonoribus
1644 3877 1671 3919 et
1689 3863 1847 3919 muneribus
1863 3861 1958 3920 eodem
1976 3877 2044 3920 tets-

1165 3963 1235 4016 pore
1256 3959 1374 4020 uacant.

1169 4030 1209 4104 {r}
1229 4032 1356 4102 legato,
1386 4034 1437 4105 qui
1463 4034 1602 4106 publicum
1634 4038 1772 4105 negotium
1794 4037 1881 4090 tuitus
1909 4038 1962 4100 sit,
1996 4038 2042 4089 in·
2069 4068 2070 4071 =

1168 4129 1215 4170 tra
1243 4131 1364 4190 tempora
1390 4123 1553 4173 uacationis
1571 4123 1739 4191 praestituta
1766 4126 1896 4172 rursum*
1920 4121 2042 4177 eiusdem

1166 4207 1276 4274 negotii
1297 4203 1423 4276 defensio
1448 4205 1580 4258 mandari
1597 4224 1655 4256 non
1671 4218 1770 4275 potest.
1840 4208 1867 4273 5.
1888 4224 1911 4263 t.
1950 4208 2043 4264 Come·-

1167 4301 1208 4342 tes
1229 4289 1388 4360 praesidum
1417 4303 1444 4344 et
1474 4275 1670 4361 proconsulum
1699 4304 1946 4361 procuratorumre
1974 4293 2044 4350 Cas·
2108 4283 2110 4287 .

1166 4378 1241 4429 saris
1258 4395 1277 4431 a
1297 4378 1456 4431 muneribus
1473 4379 1541 4432 uel⁸
1564 4377 1718 4431 bonoribus
1735 4390 1762 4432 et
1779 4380 1874 4433 tutelis
1891 4391 2007 4440 uacant.

1224 4649 1287 4717 Ν1.(1.
1307 4664 1345 4740 [ο]
1369 4668 1397 4724 L.
1420 4683 1442 4735 7.
1464 4668 1768 4724 Ronmanorum.
1827 4664 2041 4737 1)V.ordt'm·

1164 4737 1296 4791 tionibus.
1327 4738 1386 4788 ital.
1406 4735 1596 4791 ordinatione.
1615 4735 1649 4791 H.
1665 4752 1679 4785 t
1696 4736 1720 4788 P.
1742 4734 1885 4788 ordinatis
1904 4739 2045 4794 omnibus·

1164 4805 1226 4860 Seh.
1243 4807 1316 4863 coni.
1336 4804 1448 4861 ordinis
1466 4808 1587 4859 ratione.
1645 4806 1672 4877 s)
1693 4805 1732 4856 Fi.
1751 4805 1940 4860 duumvirato·
2115 4798 2120 4807 ¹

1235 4875 1293 4928 LD.
1319 4876 1453 4950 [ο]1..16.
1472 4876 1555 4931 D.1>n
1573 4892 1671 4927 nosen.
1692 4893 1724 4926 er
1743 4894 1837 4928 nonos.
1896 4879 1919 4945 ι)
1940 4872 2040 4929 Habet

1166 4945 1196 5000 V.
1216 4944 1270 4998 h.l.
1289 4946 1395 5000 habent
1410 4945 1634 5007 inscriptionem:
1653 4946 1828 5013 Papinianus
1846 4946 1919 5000 libro
1933 4944 2039 4999 tseas.

1232 5017 1284 5069 LE.
1318 5017 1451 5090 [e]L.1o.
1470 5016 1662 5073 D.nsvscsr.
1684 5033 1715 5066 ιτ
1743 5031 1867 5067 excuser.
1897 5031 2041 5072 nunaunt.

1166 5086 1192 5156 s)
1212 5087 1245 5138 V.
1266 5102 1318 5138 oso.
1338 5088 1380 5140 ab.
1439 5086 1467 5158 a)
1491 5083 1552 5136 Hal
1572 5083 1680 5137 bbaP.
1700 5102 1861 5140 mensorum.
1917 5083 1952 5155 a)
1977 5081 2037 5136 Hal.

1164 5163 1193 5207 et
1213 5157 1297 5209 Rehd.
1324 5157 1414 5212 babet.
1489 5156 1517 5224 4)
1556 5154 1601 5206 Sic
1627 5154 1733 5207 Hslset
1757 5152 1883 5207 Gothoir.
1903 5151 1933 5203 in
1962 5159 2036 5204 nots.

1164 5226 1219 5278 Alii
1247 5226 1326 5279 idem.
1395 5229 1423 5293 5)
1458 5224 1498 5276 Fl.
1518 5227 1713 5294 Angariorum.
1767 5225 1794 5292 6)
1831 5221 1896 5272 nite
1916 5222 1945 5274 in
1963 5238 2038 5277 mst-

1164 5296 1227 5364 gine
1246 5297 1409 5365 exemplaris
1436 5295 1486 5346 Au.
1513 5295 1709 5355 annotavit„l.
1727 5292 1828 5346 aucti.”
1887 5288 1925 5363 [r]
1942 5290 1972 5345 1..
1997 5310 2036 5346 ss.

1163 5367 1197 5418 D.
1214 5383 1247 5417 os
1265 5381 1352 5422 rscsr.
1369 5384 1401 5421 ιτ
1418 5381 1538 5419 ucossr.
1557 5380 1698 5418 uastauit.
1752 5360 1780 5433 7)
1798 5360 1830 5416 V·
1848 5376 1954 5418 rursus.
2007 5363 2037 5435 8)

1164 5435 1198 5491 V·
1215 5449 1250 5494 st·
