4560 6562
336 294 340 301 >
399 367 469 439 195
1176 350 1411 430 EDITORIS
1656 364 1658 369 ’
2124 359 2196 432 196

405 558 469 614 tur,
494 556 559 620 post
581 545 774 602 adverbiorum
793 543 975 617 quorumdam
999 544 1235 597 enumerationem
1255 541 1531 606 Graeco-Latinam,
1558 539 1693 594 nonnulla
1711 540 1856 594 verborum
1874 541 1953 612 qusai
1972 539 2199 613 παραδείγμασι

406 636 473 690 satit
483 636 589 706 inepta,
601 633 774 703 alphabetico
787 633 885 685 ordine
893 631 1027 700 disposita
1035 630 1148 700 (quibua
1157 629 1226 681 haee
1235 628 1364 697 Magister
1377 627 1516 697 praelatus
1527 633 1569 680 est
1577 625 1737 687 ..ιίττοδιίσω
1747 621 1800 679 οὖν
1813 619 1846 679 asi
1859 623 1945 678 λοιπὰ
1955 624 2027 679 sessi
2042 636 2198 696 στοιχεῖον·

409 720 550 793 πριλσσιο,
568 718 710 789 πράσσεις
727 734 784 776 τοι.
792 718 815 768 λ.
850 714 971 770 Reddam
989 733 1055 786 ergo
1075 727 1169 769 cetere
1185 731 1237 785 per·
1252 713 1380 767 litteras.-
1404 731 1468 784 ago,
1488 715 1558 784 agis.
1577 714 1655 781 κλμ)
1692 712 1860 766 Glossarium
1880 711 2020 770 Gr.·bat.
2037 713 2199 782 alphabeti·

408 823 486 869 cum,
517 805 566 859 sed
589 822 606 856 a
630 804 723 858 littera
748 816 762 853 ε
787 802 898 853 demum
925 802 1061 870 incipiens
1089 800 1191 864 habet,
1219 800 1249 850 in
1274 800 1351 850 cuius
1375 800 1429 849 line
1454 806 1513 851 est:
1539 797 1708 868 „dalmalia
1735 790 1767 851 cd
1796 795 1814 848 d
1844 793 1915 869 μετὰ
1945 802 2003 850 τοῖν
2019 797 2195 869 ἑρμηνειῶνι

406 893 552 963 Impletura
569 902 611 945 est
627 892 743 960 primum
760 890 1008 958 interpretamen“.
1025 885 1150 939 Secundo
1176 883 1264 947 libro,
1290 887 1339 953 qui
1357 884 1525 937 Glossarium
1545 887 1669 939 continet
1687 883 1819 936 (ἑο-λιιι
1844 880 1967 936 eiusdem
1991 883 2048 934 iere
2073 886 2198 953 generis,

408 980 492 1050 quale
510 977 595 1033 Henr.
615 973 1015 1044 StephannaautB.Vuleanius
1033 987 1060 1040 p·
1074 974 1135 1041 237.
1153 989 1212 1041 sqq.
1229 968 1354 1033 habent,
1380 973 1414 1023 38
1431 971 1477 1024 vel
1496 973 1532 1041 39
1551 969 1689 1040 capitibus
1707 977 1829 1031 constat,
1854 967 1906 1020 hac
1924 969 2098 1038 praelatione
2116 986 2198 1040 prae·

406 1063 506 1116 missa:
522 1060 591 1132 Ἐμῇ
609 1059 755 1131 ίττιμελείρ
774 1058 822 1108 aul
849 1058 1010 1126 φιλοπονίᾳ
1033 1058 1200 1126 μετίγροψοι
1226 1057 1313 1108 τοῦτο
1336 1053 1367 1108 ed
1392 1057 1501 1124 βιβλίον
1524 1059 1617 1110 πᾶσιν
1643 1053 1883 1125 ἀξιολογώτατον·
1908 1054 1940 1107 ἐν
1959 1059 1997 1124 apl
2016 1055 2119 1125 τιριίτῳ
2138 1044 2197 1126 γᾶρ

406 1150 502 1216 βιβλίρι
520 1147 578 1200 τῶν
595 1142 816 1217 ἑρμηνευμάτων
837 1141 875 1199 oie
892 1145 991 1210 πρῶτοι
1010 1144 1222 1212 συνηνίγκομεν
1240 1139 1367 1213 (iduare,
1385 1141 1561 1196 καὶτούτων
1578 1141 1610 1194 ἐν
1628 1144 1735 1213 μέρους
1753 1139 1895 1211 τίνογκοιίο
1912 1140 1954 1196 τίς
1971 1141 2074 1203 κλῆσιν
2094 1138 2199 1212 Fulci-

408 1233 477 1286 aaa?
493 1232 566 1292 Ms,:
586 1230 697 1302 ιιλοσιν]
719 1227 862 1298 ῥημάτων,
883 1223 961 1284 ὅπως
982 1224 1159 1299 [Μ5,οοτως]
1182 1226 1308 1280 triadlose
1325 1227 1374 1291 sris
1391 1225 1507 1297 σμιλίος
1523 1227 1581 1280 τῶν
1602 1224 1767 1298 ereptum
1784 1225 1937 1296 εὐχρηστίο
1961 1224 2027 1298 [MS.
2049 1223 2195 1298 ειχρησιο]

408 1317 497 1372 ἔσται.
533 1317 588 1369 νῦν
617 1310 671 1369 οὖν
694 1315 725 1368 ir
749 1316 788 1380 τῷ
811 1310 931 1381 δευτέρῳ
958 1314 1053 1382 βιβλίῳ
1082 1312 1206 1382 ἐροῦμεν
1227 1300 1269 1367 sir
1298 1313 1348 1363 seul
1372 1311 1489 1375 Stiriate
1515 1312 1654 1383 πρόνοια·
1681 1312 1762 1384 ἡμεῖς
1785 1309 1843 1381 ydp
1863 1311 1892 1364 ol
1919 1311 2075 1379 ἄνθρωποι
2092 1312 2198 1368 πάντες

407 1403 501 1473 (viper
519 1398 578 1451 u'nd
600 1400 674 1452 droti
681 1419 688 1452 t
706 1401 771 1453 Mea
790 1397 941 1468 diligentia
955 1411 983 1450 et
1000 1396 1093 1451 studio
1109 1398 1294 1468 transscripas'
1310 1397 1383 1452 hune
1400 1398 1500 1451 librum
1519 1400 1645 1452 omnibus
1657 1398 1862 1469 dignissimum:
1878 1399 1910 1450 in
1925 1397 2016 1467 primo
2032 1397 2106 1450 enim
2124 1396 2198 1449 libre

406 1489 716 1557 desterpretumentorum
742 1481 877 1556 quomodo
898 1484 999 1553 priora
1018 1484 1183 1535 contulimus
1205 1482 1311 1548 verbu,
1338 1495 1366 1535 et
1385 1498 1480 1537 eorum
1497 1500 1533 1537 ex
1547 1497 1628 1555 parte
1646 1486 1805 1538 necessaria
1823 1484 1858 1534 irs
1872 1482 2076 1535 declamatione
2093 1482 2198 1537 verlo-

407 1589 485 1636 nasa,
506 1575 549 1625 uti
557 1569 681 1642 facilius
697 1569 818 1622 sermoni
834 1566 976 1620 lominum
992 1566 1135 1638 proderit:
1153 1585 1228 1621 nune
1245 1585 1311 1637 ergo
1329 1570 1360 1620 ira
1376 1567 1496 1621 seeundo
1512 1569 1585 1623 libro
1601 1567 1735 1632 dicimus,
1755 1586 1870 1641 quorum
1885 1581 1912 1621 et
1929 1568 1986 1620 vult
2000 1567 2195 1637 providentia.

407 1676 458 1712 nos
476 1659 550 1711 enim
567 1656 691 1709 homines
709 1671 802 1708 omnes
820 1653 940 1705 vivimus
957 1672 976 1707 ο
992 1651 1054 1711 deo.
1089 1654 1161 1704 Tum
1179 1655 1276 1705 tertius
1296 1652 1395 1721 incipit
1412 1652 1502 1716 liber,
1527 1656 1576 1723 qui
1593 1672 1641 1707 sex
1666 1657 1745 1727 quasi
1774 1653 1912 1724 capitibus
1931 1652 2033 1706 Graece
2051 1660 2081 1705 et
2099 1653 2197 1707 Latine

408 1758 424 1795 e
446 1744 559 1811 regione
579 1740 689 1809 scriptis
711 1737 871 1800 conficitur,
899 1754 1015 1808 quorum
1040 1738 1158 1806 primum
1184 1745 1212 1790 et
1238 1738 1350 1789 tertium
1378 1740 1505 1793 manibus
1525 1745 1619 1807 tenes;
1644 1741 1795 1793 secundum
1819 1747 1910 1792 autem
1934 1737 2043 1790 labulas
2066 1740 2197 1808 Aesopias

406 1825 493 1880 habet
510 1826 612 1888 xviii,
645 1823 698 1876 hae
720 1830 794 1875 certe
817 1822 906 1874 dorma
931 1829 995 1875 ante
1015 1837 1058 1873 me
1077 1823 1135 1874 iere
1153 1836 1247 1877 omncs
1271 1820 1402 1886 ineditas3
1423 1832 1567 1893 quartum,
1585 1824 1633 1878 sed
1651 1826 1779 1879 mutilum
1795 1833 1877 1894 eaput
1896 1834 2022 1892 excerpta
2043 1841 2078 1878 ex
2093 1823 2198 1894 Hygini

406 1911 567 1983 genealogia
587 1910 726 1972 continet,
744 1922 814 1978 quae
830 1907 998 1976 Augustinus
1015 1922 1068 1958 van
1086 1906 1216 1960 staveren
1237 1906 1304 1958 olim
1320 1906 1491 1976 publicavit;
1515 1910 1546 1960 in
1564 1913 1661 1981 quinto
1679 1914 1786 1983 capite,
1813 1912 1890 1963 euius
1907 1910 2017 1962 initium
2039 1917 2197 1962 truncatum

405 2004 465 2060 est,
481 1995 551 2050 belli
571 1995 687 2048 'l'roianl
705 1991 853 2055 enarratio,
873 2006 888 2043 ο
905 1989 1042 2061 periochis
1059 1991 1213 2044 Homericis
1231 1993 1427 2052 consarcinata,
1448 2010 1464 2044 a
1483 1994 1556 2048 libro
1575 1998 1692 2066 septimo
1710 1997 1814 2050 iliados
1832 1996 1950 2065 incipit,
1970 1994 2197 2065 decurritque‘in

405 2080 518 2135 Graecis
535 2083 616 2148 (nam
638 2081 669 2132 ln
686 2078 741 2130 line
759 2076 858 2128 hatina
876 2090 962 2144 pauca
984 2074 1105 2146 desunt)
1129 2092 1217 2146 nsque
1241 2077 1276 2128 ad
1293 2077 1376 2128 finem
1393 2079 1517 2130 vicesimi
1543 2083 1649 2149 quarti,
1674 2091 1738 2150 post
1756 2079 1822 2133 hsce
1840 2089 1945 2135 sextum
1967 2088 2066 2150 caput,
2090 2080 2197 2133 nullius

403 2166 489 2238 pretii
507 2165 698 2219 scholasticam
716 2163 952 2216 conversationem
970 2160 1130 2223 continens,
1152 2160 1264 2232 qualem
1283 2159 1439 2231 Stephanus
1456 2169 1485 2218 et
1501 2163 1652 2216 Vulcanius
1670 2181 1699 2234 p.
1711 2165 1771 2218 aba.
1790 2181 1848 2236 sqq.
1870 2167 1975 2217 habeut
1993 2173 2021 2217 et
2038 2165 2115 2235 apud
2127 2166 2197 2219 Ver·

402 2250 502 2304 veiam
520 2266 633 2322 quoque
652 2249 786 2319 legimus,
813 2247 851 2298 ita
870 2245 991 2299 orditur:
1019 2247 1139 2318 „Incipit
1156 2233 1379 2301 tslmsmumasa
1397 2245 1460 2312 iel-1·
1485 2247 1612 2316 Librixrj
1630 2251 1699 2320 περί
1714 2249 1969 2320 συνονοστροφῆςι
1987 2247 2023 2303 de
2040 2257 2195 2304 conuersa·

403 2335 508 2394 tione.“
542 2333 622 2386 Nihil
641 2331 695 2385 hoc
714 2333 774 2386 loco
793 2334 823 2386 ln
841 2333 896 2383 leta
913 2331 1094 2399 inscriptione
1117 2334 1170 2397 (ex
1187 2347 1241 2401 qua
1263 2339 1311 2383 aut
1329 2330 1492 2385 Dositheum
1517 2332 1663 2387 duodecim
1686 2333 1750 2388 olim
1772 2334 2083 2404 Interpretamentorum
2107 2332 2193 2388 libros

404 2419 611 2489 conscripsisse,
638 2425 702 2482 aut,
726 2432 800 2490 quae
817 2417 941 2486 „eapita“
958 2417 1085 2487 superius
1103 2414 1180 2477 dixi,
1208 2423 1352 2486 tamquam
1371 2415 1458 2470 libros
1487 2428 1630 2473 numerata
1656 2422 1760 2483 luisse,
1798 2427 1827 2473 et
1851 2419 2024 2472 intercidisse
2044 2420 2193 2474 nonnullos

404 2514 471 2560 ante
491 2505 564 2557 hane
583 2503 749 2557 cotidianam
768 2504 1018 2566 conversationem,
1037 2517 1118 2572 qnam
1137 2499 1204 2554 libri
1221 2505 1298 2556 tertii
1315 2511 1422 2557 sextum
1444 2505 1522 2573 quasi
1540 2511 1622 2574 caput
1641 2521 1699 2558 esse
1718 2506 1820 2569 statui,
1839 2503 1956 2558 sortasse
1976 2505 2080 2576 aliquis
2100 2505 2194 2558 conie-

404 2590 486 2658 cerit)
503 2590 573 2641 mihi
592 2588 754 2642 morandum
773 2603 832 2643 esse
859 2589 1003 2656 caiatim03
1028 2586 1166 2658 sedhanc
1187 2601 1245 2638 rem
1266 2586 1349 2652 aliis,
1375 2588 1477 2660 quibus
1495 2590 1663 2660 haecmagis
1682 2608 1764 2662 quam
1783 2591 1852 2643 mihi
1871 2588 1947 2642 cordi
1967 2597 2049 2651 sunt,
2080 2589 2194 2641 inresti-

403 2670 684 2748 gandam'relinqu03
699 2691 791 2745 neque
810 2675 934 2745 longiore
952 2672 1124 2744 praelatione
1138 2681 1165 2724 te
1176 2671 1344 2742 defatigabo,
1362 2675 1386 2727 si
1405 2674 1440 2726 de
1451 2676 1625 2746 Scaligersno
1644 2676 1738 2730 codice
1756 2682 1785 2727 et
1803 2675 1896 2738 editis,
1914 2673 2018 2746 quibus
2036 2691 2103 2726 usus
2122 2688 2192 2738 sum,

402 2762 484 2816 libris
510 2761 654 2813 certiorem
671 2768 699 2813 te
717 2760 818 2817 secero.
853 2760 960 2813 indicat
977 2766 1069 2813 autem
1086 2756 1290 2827 Scaligcranum
1311 2761 1390 2813 illurn
1408 2764 1533 2833 pervaria
1550 2779 1582 2816 ac
1596 2763 1683 2816 multa
1703 2763 1891 2815 continentem
1909 2760 2032 2813 codicem
2046 2760 2192 2830 Catalogus

402 2845 592 2901 bibliothecae
609 2845 753 2899 Leideusis
770 2846 868 2916 piis.
887 2845 973 2898 N-br.
1009 2845 1071 2917 lpse
1091 2844 1406 2917 quidemliositheana,
1424 2862 1495 2920 quae
1513 2848 1629 2918 t01.e9b
1647 2883 1656 2900 .
1675 2888 1683 2905 .
1700 2884 1707 2898 .
1726 2865 1777 2917 pas
1797 2847 1990 2907 continentur,
2008 2844 2193 2912 transscripai,

402 2928 456 2985 hoe
473 2937 516 2982 est
532 2937 678 2985 tractatum
696 2931 850 2993 sorensem,
869 2946 951 3001 quem
966 2929 1044 2997 dixi,
1070 2932 1213 3001 legemque
1234 2930 1268 2982 de
1286 2934 1428 2999 parricidii
1454 2950 1545 3003 poena
1563 2933 1588 2990 ⁸.
1625 2932 1696 2985 Mihi
1716 2933 1840 3002 persuasi
1856 2930 1910 2983 hoe
1927 2930 2014 2999 ipsius
2033 2931 2087 2988 los,
2105 2929 2192 2980 Scali-

403 3017 461 3089 garl
481 3015 685 3069 manufactum
710 3015 896 3079 apographum
914 3023 963 3055 tut
980 3028 1015 3054 u
1039 3017 1138 3056 eodem
1163 3015 1253 3064 ιιὕψι
1280 3031 1316 3056 ⁹⁵
1341 3035 1396 3080 qno
1416 3018 1514 3073 Claud.
1529 3019 1644 3072 Puteani
1671 3019 1841 3088 exemplum,
1864 3017 1977 3068 al’etro
1996 3015 2112 3066 Pithoeo
2130 3013 2192 3065 edi-

403 3108 463 3155 m
486 3101 518 3163 s,
548 3103 660 3150 ,aarum
680 3093 740 3156 est,
769 3097 818 3141 aut
836 3105 871 3142 ex
890 3087 945 3141 hoe
969 3088 1029 3157 ipso
1054 3089 1177 3141 Puteano
1201 3089 1326 3158 exemplo
1352 3096 1558 3158 transscripturi
1579 3115 1647 3144 esre.
1684 3104 1818 3146 ermttrrer
1837 3110 1892 3148 tam
1910 3107 2013 3152 eertum
2033 3107 2091 3161 est,
2110 3114 2190 3170 quam

404 3186 479 3259 quod
497 3183 693 3244 certissimum,
717 3178 758 3232 lo.
778 3176 825 3228 Fr.
843 3172 977 3228 Gronorii
1005 3171 1161 3241 exemplum
1179 3171 1379 3226 Hadrianamm
1397 3177 1611 3241 sententiarum,
1637 3193 1692 3248 quo
1710 3193 1849 3250 pronepos
1868 3181 1981 3255 lacobus
2010 3201 2075 3235 usus
2101 3192 2143 3234 est
2161 3183 2190 3248 ⁸,

403 3267 583 3324 exVossian'o
602 3266 717 3326 codice,
741 3260 852 3332 dequo
876 3261 932 3312 iam
952 3257 1087 3321 diximus,
1115 3256 1282 3327 descriptum
1306 3259 1400 3314 luisse.
1437 3261 1479 3312 De
1496 3260 1576 3314 libris
1596 3261 1697 3327 editis,
1727 3264 1776 3336 qui
1795 3267 1904 3320 adrem
1928 3269 2189 3333 noseredinum,

403 3357 473 3409 haec
494 3371 528 3406 ex
548 3351 719 3423 praelatione
737 3362 815 3409 mea,
832 3343 952 3415 pleniori
967 3342 1198 3396 Dositheanorum
1217 3344 1343 3414 exemplo
1363 3346 1528 3413 praemissa,
1544 3347 1696 3415 ⁴repetenda
1714 3363 1773 3402 esse
1790 3351 1913 3406 ridetur:

408 3444 432 3511 ι)
451 3439 513 3491 Divi
530 3436 643 3490 Adriani
660 3433 809 3487 sententiae
829 3437 858 3483 et
878 3429 1009 3498 epistolas
1029 3422 1106 3499 ο’(ιιο
1121 3427 1283 3481 Dositheum
1301 3432 1390 3500 ipsum
1412 3437 1520 3483 secutus
1542 3433 1668 3502 inscripsi
1683 3463 1719 3475 -
1734 3435 1789 3487 vid.
1805 3453 1833 3506 p.
1844 3439 1916 3508 sos.)
1934 3437 2085 3490 ediderunt

479 3526 508 3597 a)
527 3522 610 3575 llenr.
624 3518 789 3588 Stephanus,
812 3515 951 3570 Glaesaria
962 3513 1017 3567 duo
1030 3520 1082 3574 etc.
1104 3517 1180 3586 1573.
1198 3514 1246 3567 fol.
1265 3515 1395 3586 colls9q
1414 3552 1421 3567 .
1443 3559 1450 3572 .
1470 3518 1573 3572 sot-
1592 3517 1725 3588 Stephani
1742 3520 1838 3585 codex,
1856 3524 1904 3595 qui
1923 3525 2016 3575 neseio
2036 3530 2128 3576 utrum
2146 3523 2190 3578 in·

543 3607 653 3662 terierit
682 3621 717 3657 an
734 3600 838 3655 alicubi
864 3600 955 3654 adhue
974 3606 1115 3664 servetur,
1148 3599 1296 3671 areliquls
1315 3602 1457 3655 codicibus
1473 3603 1582 3673 scriptis
1608 3605 1725 3656 multum
1747 3605 1871 3672 recedit,
1895 3613 1951 3660 tam
1971 3606 2126 3660 omittendo
2144 3613 2188 3660 to·

544 3698 587 3745 tas
604 3688 786 3762 paragraphos
805 3686 856 3758 (ut
877 3702 910 3739 eo
926 3685 1038 3740 nomine
1056 3702 1106 3757 pro
1123 3701 1199 3740 more
1216 3687 1380 3741 nostratium
1399 3689 1498 3760 utar),
1516 3705 1598 3761 quam
1616 3689 1646 3741 ln
1664 3689 1758 3744 multis
1774 3692 1843 3745 locis
1861 3694 2011 3766 scripturae
2028 3693 2189 3748 variatione.

546 3776 680 3846 Stephani
699 3773 850 3827 editionem
869 3773 1013 3841 repetitam
1037 3771 1123 3824 hahes
1144 3772 1174 3823 in
1644 3792 1649 3799 ·

546 3863 577 3933 a)
595 3863 802 3914 lionaveutntae
820 3858 952 3912 Vulcanii
969 3856 1041 3915 thes.
1063 3857 1179 3928 utriusq.
1197 3855 1318 3928 linguae.
1353 3857 1437 3929 lugd.
1454 3858 1516 3912 Bat.
1539 3860 1615 3911 ι6οο.
1634 3856 1683 3912 iol.
1702 3862 1765 3918 coil.
1785 3881 1846 3934 ²99·
1864 3900 1871 3913 .
1891 3900 1899 3917 .
1918 3863 1981 3922 305.

544 3951 573 4017 β)
593 3947 685 4000 Caroli
702 3943 825 3997 labbaei
843 3943 962 3997 Glossar.
980 3942 1101 3995 londini
1118 3943 1149 3995 in
1166 3943 1260 3999 aedib.
1279 3944 1407 4017 Vulpian.
1430 3946 1504 4000 rere.
1523 3983 1532 3999 .
1550 3983 1557 3996 .
1576 3949 1649 4000 1826.
1668 3947 1717 4003 iol.
1735 3965 1764 4020 p.
1780 3950 1842 4021 489,
1860 3951 1921 4020 49ο.

544 4031 655 4085 Ilicolai
674 4030 816 4083 Catharini
834 4028 985 4083 editionem
1002 4029 1150 4083 conmori.
1607 4024 1609 4028 ’

474 4121 504 4192 λι)
520 4117 621 4171 ldeiior
638 4115 818 4171 Hamenvelto
835 4113 991 4185 Goldastus.
1026 4115 1154 4169 Dosithel
1171 4130 1239 4189 mag.
1258 4110 1331 4165 liber
1348 4113 1402 4165 lll.
1420 4114 1564 4166 continens
1581 4115 1644 4169 Divi
1660 4116 1773 4170 Adriani
1788 4117 1853 4187 lmp.
1873 4120 2023 4173 sententias
2043 4127 2071 4174 et
2088 4121 2190 4191 episto·

545 4206 595 4258 las.
631 4201 749 4261 Mtte.
769 4203 913 4255 maximam
931 4210 1037 4272 partem
1055 4201 1150 4267 ausit,
1173 4196 1343 4262 emendavit,
1362 4197 1516 4252 illustravit
1554 4199 1715 4254 Excudebat
1732 4204 1758 4253 P.
1778 4203 1857 4256 dela
1877 4207 2010 4270 liouiere,
2035 4206 2145 4266 tenet
2161 4208 2188 4262 8.

546 4290 705 4362 (paggpap
723 4286 886 4341 Goldastum
894 4287 1065 4359 sangallensi
1074 4285 1169 4340 codice
1179 4301 1257 4338 usum
1267 4298 1326 4338 csse
1347 4292 1462 4337 constat.
1487 4287 1545 4338 eins
1560 4287 1698 4357 exemplar
1707 4285 1877 4356 repetierunt
2163 4338 2167 4349 ,

547 4378 578 4446 ο)
595 4376 695 4428 Antan.
714 4370 917 4444 Schultingias,
936 4375 1046 4443 iurispr.
1064 4380 1118 4427 ret.
1135 4371 1165 4424 h.
1187 4373 1215 4423 B.
1238 4385 1314 4440 ιρις.
1334 4369 1359 4438 4.
1377 4372 1507 4440 p·857...
1526 4375 1588 4444 879.
1613 4377 1655 4428 lle
1671 4372 1806 4442 lipsiensi
1825 4373 2190 4446 HispanicoqueSchultia·

615 4461 712 4530 glanae
731 4459 840 4528 iurispr.
858 4459 990 4528 exemplis
1008 4473 1120 4510 monere
1139 4457 1213 4511 nihil
1230 4473 1300 4527 opus
1316 4470 1375 4508 esse
1391 4456 1509 4518 videtur,

544 4544 631 4614 mlo.
650 4542 712 4601 Alb.
731 4543 891 4612 Fabricios,
918 4543 1048 4599 biblioth.
1068 4542 1163 4597 Graec.
1184 4543 1238 4602 vol.
1250 4542 1307 4596 xn.
1323 4528 1422 4604 llamb.
1444 4544 1517 4615 ipsi.
1537 4543 1565 4613 4.
1582 4558 1610 4616 p.
1627 4545 1687 4614 5ι4.
1705 4584 1714 4602 .
1733 4581 1740 4596 .
1762 4544 1823 4614 554.
1856 4545 1916 4600 lloe
1933 4547 2106 4618 exemplum,
2131 4560 2188 4599 uon

614 4628 699 4698 ipsius
720 4627 863 4692 Goldasll,
880 4634 1074 4701 expresserunt
1483 4661 1485 4665 -

545 4713 578 4784 y)
596 4713 799 4777 londinenses,
818 4728 887 4786 quoa
908 4715 944 4768 ad
965 4733 992 4768 ο.
1010 4720 1034 4783 β.
1051 4713 1150 4781 οἰοιοῖ,
1176 4731 1205 4786 p.
1227 4714 1288 4786 49ι.
1309 4755 1317 4772 .
1337 4756 1345 4774 .
1363 4717 1423 4770 5oo.

547 4798 692 4852 cuiaclum
709 4798 739 4852 in
758 4798 836 4854 Ohss.
854 4802 955 4872 passim
973 4816 1053 4854 usum
1073 4818 1133 4857 csse
1152 4801 1210 4860 its,
1227 4803 1306 4871 Sana
1326 4803 1443 4856 inferius
1460 4803 1516 4858 suis
1537 4803 1604 4858 locis
1622 4806 1761 4860 annotavi.

475 5103 505 5174 3}
525 5100 561 5153 Gi
584 5116 661 5172 pagg.
680 5118 742 5159 aas.
758 5118 818 5174 sqq.
836 5130 870 5144 -
894 5102 994 5159 Obiter
1013 5104 1039 5157 h.
1059 5104 1081 5162 l.
1098 5120 1209 5158 monere
1228 5107 1311 5160 liccat
1335 5120 1476 5176 operarum
1496 5121 1588 5161 errore
1614 5123 1642 5176 p.
1661 5109 1742 5169 οι3.,
1766 5121 1834 5158 vers.
1853 5125 1880 5176 ρ.
1897 5106 2100 5168 annotationis,
2127 5106 2187 5158 loco

405 5176 513 5227 numeri
533 5191 580 5241 9²·
599 5171 791 5240 pnsitumesse
814 5189 870 5229 ros.
945 5174 973 5293 q)
998 5168 1175 5233 elidicatas
1193 5170 1226 5228 N.
1245 5193 1271 5229 a.
1291 5176 1347 5233 litt.
1367 5194 1392 5229 ο.
1464 5180 1479 5230 5
1519 5176 1560 5234 Gi.
1579 5176 1750 5242 Feilenberg.
1770 5178 1879 5243 iurispr.
1895 5184 1954 5230 ant.
1971 5182 2036 5227 tom.
2054 5176 2089 5232 ll.
2108 5176 2187 5226 bern.

409 5247 486 5312 1761.
508 5243 532 5309 4.
552 5258 579 5310 p.
597 5243 662 5300 630.
681 5277 710 5293 ··
732 5243 796 5298 eta.
864 5243 894 5314 S)
913 5243 1031 5296 Falitur
1047 5237 1189 5297 Fabricius
1207 5244 1279 5299 bibl.
1297 5246 1393 5299 Graec.
1415 5244 1463 5298 lib.
1518 5262 1566 5303 ..c
1588 5249 1629 5315 39
1649 5246 1701 5297 vol.
1721 5246 1779 5304 vti.
1798 5263 1826 5315 p.
1842 5248 1884 5299 tio.
1905 5246 1958 5313 (ed.
1980 5245 2055 5298 llari.
2073 5243 2187 5297 votvt

404 5329 433 5380 p·
453 5313 535 5383 366.)
562 5311 612 5363 λιιι
639 5313 788 5362 sententias
816 5329 877 5366 esse
904 5310 1036 5366 lladriani
1059 5310 1128 5385 Imp.
1153 5316 1403 5385 interrogationes,
1459 5332 1553 5369 aarum
1579 5316 1706 5367 meminit
1724 5315 1856 5367 Alcuinus
1883 5331 2010 5384 epten.
2041 5312 2079 5384 [l.
2099 5330 2124 5370 e.
2142 5311 2186 5370 «l.

405 5380 587 5449 Quereetaui3
695 5379 739 5448 43.
760 5374 802 5431 ed.
822 5376 954 5454 FrobenJ
980 5398 1112 5442 asserens.
1161 5382 1230 5437 Nam
1256 5385 1402 5437 Alcuinum
1427 5333 1463 5438 ah
1483 5387 1689 5439 altercationem
1707 5384 1841 5437 lladriani
1859 5391 1887 5433 et
1900 5382 2037 5453 Epicteti,
2058 5383 2186 5453 quanin

404 5449 512 5506 Fabric.
535 5459 600 5504 tom.
616 5397 690 5508 iiiii.¹
704 5466 733 5520 p.
747 5449 810 5508 teo.
829 5449 931 5516 habes,
948 5454 1100 5523 respexisse
1121 5452 1181 5524 ipse
1197 5449 1341 5507 Fabricius
1359 5456 1392 5511 ln
1409 5458 1587 5514 aaaouttoac
1605 5455 1641 5510 ad
1655 5456 1756 5528 peta
1774 5462 1838 5510 lom.
1850 5453 1921 5511 iiiii.
1939 5453 2038 5521 decet,
2056 5460 2085 5508 et
2104 5460 2186 5508 rectu

403 5517 545 5575 Debuerat
567 5519 655 5592 igituv
670 5515 813 5578 llarlsslas
829 5519 920 5576 Ιοοοιο
937 5520 1064 5591 superius
1080 5521 1185 5580 dicta·
1202 5522 1346 5595 corrigere.
