4560 6562
305 726 336 795 Ε)
355 726 394 780 ec
412 725 532 780 tactuum
552 722 700 783 perceptione
718 728 752 784 tt.
772 723 880 777 35...38.
900 725 962 785 bnt.
983 723 1019 776 tit.
1039 725 1078 777 eit.

304 822 334 889 u)
357 820 396 872 ue
410 819 518 876 tannero
533 817 626 868 inuenta
641 822 662 878 ς.
683 817 841 877 303111.ῐο
861 818 900 872 cit.
937 820 977 872 ibe
993 817 1118 869 notitione
1134 816 1166 872 ei.
1177 816 1249 873 tuero
1259 816 1289 866 st.

393 890 434 941 'De
451 887 600 947 nenuiirienc
619 891 663 946 ine
681 889 807 940 trobiticne
826 893 860 948 §§.
872 889 914 944 44.
928 887 973 940 ts.
1010 890 1049 940 :bt
1065 887 1189 945 miiiilibui
1207 897 1228 952 §-
1246 883 1290 938 46.

399 960 439 1011 Ὧι
455 958 608 1013 recuratione
626 959 659 1008 rei
679 959 801 1010 berctietoe
819 963 842 1019 §.
854 957 897 1011 47.
934 961 973 1012 be
991 957 1022 1008 iis
1041 968 1101 1016 aunt
1120 955 1192 1009 until
1211 958 1289 1006 teron:

396 1036 439 1080 soe
463 1030 531 1086 teuto
551 1027 666 1080 eiciuntur
684 1036 726 1080 oet
750 1034 776 1081 ee
797 1031 867 1088 ubete
890 1032 1143 1087 intumescebant.
1164 1026 1208 1082 48.
1225 1025 1287 1086 butt.

399 1098 434 1148 tit.
455 1098 496 1150 eit.

233 1196 260 1265 b)
278 1194 469 1271 Aequisitioues
488 1192 710 1261 alienationesquc
732 1208 779 1260 per
800 1207 844 1244 eas
860 1207 984 1260 personas
1006 1205 1074 1260 quae
1090 1190 1138 1242 sub
1151 1188 1232 1242 tutela
1251 1193 1289 1242 etl

313 1270 433 1316 euenerunt
451 1270 511 1312 sunt
564 1296 1289 1319 ..........

234 1361 258 1428 e)
279 1359 426 1422 Aequiritur
445 1355 519 1406 uotis
540 1356 616 1406 otiam
635 1371 680 1421 per
701 1370 746 1407 eos
766 1372 831 1423 quos
852 1357 877 1406 iu
897 1363 1026 1422 potestate
1042 1372 1122 1408 maan
1130 1358 1291 1425 mancipioee

1333 545 1529 627 Codicsveron.

1374 631 1493 683 paginae.

1330 1291 1344 1304 -
1364 1259 1408 1318 tt.

1866 364 1898 429 V

1580 548 1728 602 Cominii.
1802 548 1855 597 Lib.
1883 550 1913 599 ll.

1776 618 1921 686 titutiettffl.

118 1422 150 1472 10
315 1426 448 1478 habemus.
486 1425 543 1500 lter
563 1441 640 1505 ques
659 1425 798 1501 pertonsa
817 1423 902 1487 uobis
925 1424 1086 1505 aequiritur
1124 1472 1131 1485 .
1205 1463 1211 1476 ·
1282 1465 1288 1476 ·
1330 1452 1345 1464 -
1365 1424 1405 1476 75.
1429 1423 1468 1476 to
1488 1425 1529 1476 77Ι
1561 1432 1673 1486 86...96.

197 1569 228 1639 Β)
248 1568 347 1632 Quibus
367 1567 450 1618 modis
469 1581 516 1634 per
535 1567 729 1618 rrniuersitatern
747 1581 789 1620 res
807 1567 881 1619 nobis
900 1569 1063 1637 acquirantur
1120 1607 1126 1620 .
1202 1609 1207 1618 .

233 1666 259 1734 a)
277 1662 316 1716 De
336 1660 600 1713 hereditatibus
645 1698 1286 1719 .........
1327 1687 1343 1699 ·

271 1761 300 1828 a)
318 1770 385 1825 quae
407 1755 483 1806 nobis
502 1769 534 1804 ex
555 1761 708 1805 testamento
728 1753 872 1805 obveniunt

304 1851 337 1918 et)
357 1847 531 1915 [Testamenta

117 1943 149 1993 15
347 1943 373 2010 a)
392 1939 485 2008 ‹putbus
504 1939 587 1990 modis
605 1945 631 1990 et
651 1953 667 1989 a
685 1938 778 2006 quibus
798 1938 955 1992 conduntur:

386 2036 413 2104 ¹)
432 2032 586 2125 ordinarias]
629 2027 674 2093 De
694 2032 872 2094 trttnurntis
894 2031 1066 2095 retinentis
1122 2072 1129 2085 ·
1201 2073 1207 2084 ·
1282 2069 1288 2082 ·

420 2129 448 2199 a)
468 2127 567 2179 Genera
587 2135 797 2178 testamentorum
815 2129 864 2178 tria
879 2163 1287 2180 ......

423 2223 449 2292 d)
468 2222 603 2273 Ordinatio
625 2223 769 2273 testamenti
782 2237 832 2290 per
850 2237 895 2273 aet
912 2228 937 2272 et
953 2221 1047 2274 librant
1119 2257 1125 2268 ·
1200 2259 1205 2269 -
1279 2261 1285 2275 .

426 2319 450 2388 c)
470 2318 626 2371 decentiores
647 2320 835 2377 testamentoriae
853 2319 945 2374 temne
963 2349 1288 2368 .....

383 2413 412 2481 2)
431 2411 469 2463 De
489 2413 649 2463 testamentis
666 2411 785 2462 rnilitum.
813 2405 858 2471 De
876 2407 996 2470 militari
1014 2407 1182 2468 testamenta
1201 2445 1208 2459 .
1279 2444 1286 2457 .

1328 2153 1343 2166 ·
1361 2125 1403 2179 78.

1328 2250 1343 2262 -
1361 2220 1402 2274 70.
1422 2218 1465 2273 80.

1327 2437 1343 2449 -
1366 2407 1429 2480 uit

383 2507 413 2575 0)
431 2506 479 2569 Qui
502 2512 653 2556 testamenta
674 2506 761 2556 tacere
785 2518 837 2556 uon
859 2504 967 2569 possint.
1011 2501 1136 2564 Quibus
1164 2519 1222 2564 nun
1247 2503 1287 2563 eli
1329 2505 1368 2574 [·]
1387 2503 1430 2556 82.

463 2573 622 2650 punissent
642 2575 811 2634 testamenta
829 2570 920 2633 terere
963 2609 1286 2628 .....

341 2667 366 2734 b)
383 2666 493 2718 Heredis
510 2668 637 2718 institutio

383 2762 409 2829 l)
428 2760 565 2812 sollemnis.
616 2797 623 2809 .
695 2795 702 2810 .
775 2795 781 2807 .

383 2853 411 2924 2)
430 2853 479 2916 Qui
495 2853 524 2904 in
537 2853 736 2904 deterreamini
749 2853 862 2919 feminae
876 2866 942 2918 qaae
956 2852 1013 2904 sine
1028 2854 1120 2905 Μανᾶς
1137 2853 1290 2905 anctoritate

463 2930 638 2974 testamentum
655 2924 747 2989 fecerit
764 2922 904 2973 succedant
969 2957 976 2973 .
1048 2961 1055 2974 .
1127 2959 1133 2972 .
1204 2960 1211 2974 .
1282 2961 1288 2974 .

378 3017 407 3085 3)
424 3015 464 3067 lle
482 3016 570 3065 tiberis
591 3016 728 3065 hereditas
752 3015 917 3068 instituendis
937 3015 982 3066 ret
1008 3014 1203 3085 exheredendis.
1246 3011 1291 3077 De

458 3085 670 3159 ealrerrbutione
689 3084 841 3145 libereretur
887 3121 1288 3138 ······

342 3182 371 3250 c)
389 3178 607 3307 Tesstarueutiurunr
627 3179 764 3230 iufirtrtatio
801 3178 926 3243 Quibus
947 3178 1040 3242 muniz
1059 3180 1227 3241 testamenta
1245 3178 1290 3240 in.

439 3266 529 3309 ttttttttt
546 3265 581 3308 ur
643 3285 1290 3301 ·········

383 3344 408 3412 l)
428 3342 520 3409 qiubus
539 3358 571 3392 ex
592 3345 675 3393 causis
695 3342 739 3392 irat
968 3379 975 3394 .
1045 3381 1052 3394 .
1125 3380 1131 3392 .

1282 2756 1407 2810 .·83.

1331 2949 1346 2962 .
1367 2919 1410 2972 84,

1331 3044 1345 3055 -
1364 3013 1471 3070 85...89.

383 3438 410 3507 2)
432 3437 492 3503 quid
512 3436 621 3487 efficiat:
646 3436 791 3489 Secundum
815 3436 915 3489 tabulas
933 3436 1059 3491 benorum
1082 3439 1216 3506 possessio
1286 3475 1292 3487 .
1332 3463 1347 3476 -

379 3532 407 3599 3)
428 3526 472 3590 De
490 3529 655 3590 inelbriele
675 3529 841 3600 testamento
892 3565 1291 3584 ......

312 3625 349 3694 lb)
370 3622 408 3674 De
426 3623 562 3674 heredibus
584 3639 616 3674 ex
633 3631 794 3676 testamento.

349 3718 375 3788 e)
394 3716 509 3768 Heredes
527 3717 602 3784 primi
622 3717 731 3783 gradus:
755 3717 848 3786 quibus
867 3717 977 3786 quisque
994 3717 1077 3769 modis
1100 3717 1128 3769 in
1145 3719 1294 3771 universum

423 3787 601 3917 {religiensi
621 3780 752 3842 succedat·
785 3785 831 3849 De
850 3787 978 3863 herebant
999 3786 1142 3866 qualitate
1159 3790 1186 3848 el
1203 3788 1292 3849 tilte-

440 3874 471 3916 en
488 3875 496 3914 ι
574 3892 1292 3911 ··········

383 3953 409 4021 l)
428 3950 595 4002 Necessarius
619 3951 695 4002 heres
715 3953 823 4019 eiusrpue
843 3953 899 4003 iure
970 3987 1291 4002 .....

383 4046 410 4117 0)
432 4045 475 4097 Sui
495 4053 520 4095 et
540 4048 682 4096 necessarii
703 4045 821 4098 heredes.
848 4047 889 4097 ius
907 4044 1052 4097 abstinendi
1125 4083 1131 4096 .
1205 4083 1211 4095 .
1285 4086 1291 4097 .

1333 3977 1348 3989 -
1366 3948 1408 4002 94.

1334 4073 1349 4085 -
1366 4044 1409 4096 95.

385 4140 412 4210 3)
430 4141 551 4191 Extranei
573 4141 689 4193 heredes.
707 4143 748 4192 ins
773 4140 932 4193 deliberandi
959 4150 983 4193 et
1010 4143 1099 4193 eredo.
1133 4141 1298 4200 *limentinus
1332 4165 1347 4177 -
1366 4136 1438 4190 ...98.

472 4210 606 4263 irruenrorii.
626 4223 670 4269 ero
690 4214 770 4272 berte
792 4212 870 4276 petia
888 4217 951 4265 unta
968 4215 1025 4265 oetn
1037 4212 1101 4264 terit
1121 4213 1247 4266 teetsrnn'o
1284 4251 1290 4263 .

349 4300 374 4368 b)
392 4299 431 4351 De
449 4301 688 4354 substitutionibus:

385 4395 540 4464 rpvutgari.
578 4393 756 4475 Deeulperi
777 4396 977 4459 substitutione
1048 4435 1054 4447 ·
1129 4435 1134 4447 ·
1209 4436 1214 4446 ·
1288 4435 1294 4446 ·

383 4492 411 4558 2)
431 4491 561 4558 pupillari.
599 4490 643 4552 De
661 4491 1018 4568 pupillorilubltitutione
1048 4530 1054 4542 ·
1127 4528 1133 4542 ·

354 4586 378 4652 c)
396 4584 435 4636 De
449 4588 531 4638 serris
545 4587 683 4638 heredibus
694 4588 866 4639 instituendis.
892 4582 937 4648 De
948 4584 1097 4661 heresibus
1108 4583 1292 4644 instituendis

274 4705 280 4710 ·
317 4699 489 4774 [appensam]
510 4704 548 4756 ue
567 4705 706 4773 regies
728 4714 754 4758 u
772 4706 858 4758 riter
875 4706 1088 4761 commissis.
1122 4696 1167 4763 ns
1184 4700 1291 4781 tenutis

315 4792 346 4860 tt)
364 4791 477 4860 Legata:
514 4798 591 4862 tegeri
611 4798 714 4859 esurite
731 4834 1295 4852 ........

352 4886 377 4952 it)
397 4883 520 4946 Quattuor
542 4904 638 4956 genera

387 4982 412 5047 1)
433 4979 482 5032 Per
498 4983 697 5037 vindicationem
732 5021 1292 5036 ........

386 5075 415 5142 2)
431 5072 481 5126 Per
500 5075 688 5129 damnationem
733 5115 739 5128 .
813 5116 819 5128 .
894 5117 899 5127 .
972 5117 978 5129 .
1051 5117 1056 5127 .

316 5217 329 5226 p.
385 5166 635 5233 d)Sinendinsode
725 5209 731 5222 .
806 5211 811 5221 .
886 5210 891 5220 .
962 5209 970 5222 .
1044 5210 1049 5221 .
1125 5177 1136 5218 .’
1205 5209 1210 5219 .
1285 5206 1291 5218 .

1333 4392 1401 4444 -09

1208 4528 1214 4541 .
1272 4525 1292 4542 ν.
1332 4516 1348 4528 -
1369 4487 1428 4540 100.
1451 4487 1509 4540 101.

1333 4608 1348 4621 ·
1372 4579 1432 4634 1⁰2.

1332 4727 1347 4740 ·
1370 4698 1429 4751 103.

1331 4978 1426 5032 ·104.
1451 4979 1511 5034 105.

1285 5112 1291 5125 .
1331 5102 1347 5115 -
1366 5073 1427 5126 100.
1449 5074 1508 5126 107.

1332 5197 1347 5210 -
1369 5168 1429 5222 108.
1452 5169 1509 5222 100.

387 5260 414 5328 l)
438 5261 488 5313 Per
503 5267 737 5333 praeceptionem.
809 5304 816 5317 .
890 5300 896 5314 .
969 5303 975 5315 .
1048 5303 1053 5314 .
1126 5297 1133 5313 .
1206 5299 1212 5312 .
1287 5264 1529 5316 .-110.111.112.
1563 5262 1688 5317 216...23.

388 5357 411 5406 tn
429 5368 501 5406 ttrrntn
520 5360 624 5416 restinta
642 5366 664 5410 et
682 5360 736 5419 fieti
757 5358 882 5418 conmittis
902 5363 1029 5418 antenero
1126 5392 1133 5407 .
1205 5389 1212 5404 ·
1284 5392 1290 5405 .

351 5451 375 5519 b)
394 5447 433 5499 De
455 5449 530 5499 niorto
553 5450 713 5518 legatorum:
732 5453 786 5506 bl..
806 5453 904 5517 Furia,
935 5453 1063 5516 Voconia,
1089 5449 1210 5506 Falcidia.
1245 5444 1291 5508 De

427 5517 486 5597 qur
503 5517 640 5584 detritio
720 5553 1289 5577 ........

339 5590 362 5656 e)
1243 5586 1282 5639 De

1329 5480 1344 5494 -
1365 5453 1423 5506 113.
