4560 6562
406 421 478 493 163
802 403 1809 491 un1uou1sruluruu10.
2024 402 2026 409 ·
2136 427 2210 499 ,64

403 601 489 661 „tulis
509 599 622 666 imperii
638 597 754 646 exitium
781 606 916 645 exaratas
939 609 1014 655 esse,·
1039 610 1130 660 neque
1154 595 1228 644 euim
1253 593 1406 658 verisimile
1432 591 1542 653 vs'deri,
1569 606 1600 644 ut
1627 595 1688 663 quis
1718 597 1923 664 posterioribus
1953 600 2125 668 temporibus
2151 606 2216 653 tulis

404 692 589 758 „argumenti
606 689 704 739 librum
728 687 882 738 transcribi
896 688 1054 737 curaverit:
1076 687 1204 754 Koppius
1228 705 1265 736 er
1288 687 1447 736 litterarum
1457 684 1561 751 forma
1580 685 1616 737 de
1633 700 1728 739 netnte
1751 689 1974 741 membranarum
2000 694 2072 744 us'ln'i
2088 707 2216 746 statuere

403 803 509 847 „ausus
527 797 568 835 est
588 783 629 837 Ψ*

457 878 525 929 Cum
544 878 602 945 ipse
621 873 733 942 quidem
753 872 872 923 duorum
894 871 1006 922 illorum
1027 871 1155 921 foliorum
1175 871 1315 938 exemplo,
1335 869 1411 939 quod
1430 869 1610 939 adproprias
1630 891 1694 924 usus
1712 893 1737 925 v.
1757 875 1789 924 cl.
1815 875 2000 944 llollwcgins,
2026 881 2080 930 iarn
2108 882 2213 949 collega

403 971 470 1023 milri
491 968 698 1027 dilectissimus,
718 963 771 1015 sibi
791 965 856 1014 olim
884 965 1089 1015 accuratissime
1108 963 1307 1030 transscripsit.
1326 963 1408 1013 immo
1429 962 1567 1032 depinxit,
1588 982 1653 1016 usns
1673 967 1735 1028 sim,
1755 968 1794 1017 fas
1813 967 1879 1018 inihi
1899 979 1940 1019 cst
1961 971 2109 1023 Gischcuii
2126 976 2153 1024 in
2170 974 2213 1024 luis

404 1080 519 1134 quoqne
535 1060 691 1130 fragmentis
710 1057 822 1108 edendis
842 1057 1045 1125 religiosissime
1064 1056 1183 1126 positam
1201 1056 1371 1125 diligentiam
1391 1056 1556 1108 collaudare.
1593 1058 1683 1127 Quem
1703 1061 1796 1129 igitur,
1816 1071 1950 1130 quantum
1967 1065 2025 1114 fieri
2040 1068 2149 1132 potuit,
2169 1085 2212 1117 sc-

406 1159 455 1224 qni
471 1173 512 1207 res
526 1157 584 1223 ipsa
598 1152 740 1204 suadebat.
778 1150 904 1219 Singulas
923 1151 1040 1211 litteras,
1060 1166 1132 1218 quae
1152 1149 1205 1218 legi
1223 1150 1420 1217 nequiverunt,
1439 1151 1553 1220 singulis
1573 1151 1708 1202 asteriscis
1724 1151 1915 1205 indicavimus.
1936 1158 2065 1223 quotiens
2085 1176 2150 1208 vcro
2170 1168 2212 1209 to-

406 1260 450 1302 tus
471 1249 512 1300 vel
531 1250 614 1298 etiam
633 1245 788 1313 complures
807 1260 900 1294 versus
926 1227 976 1295 aut
1001 1244 1113 1294 omnino
1139 1251 1317 1306 evanuerant,
1336 1251 1386 1294 aut
1404 1245 1471 1294 certi
1489 1243 1560 1294 nibil
1584 1246 1734 1314 quicquam
1753 1244 1937 1309 exhibebant,
1961 1249 2114 1300 maioribus
2133 1251 2212 1301 lineis

405 1339 719 1406 lriatrrs,clcn0tavim11s.
757 1337 866 1387 Praeter
893 1351 924 1386 ea
949 1337 1154 1404 supplementa,
1180 1352 1252 1403 quae
1278 1352 1312 1386 ex
1337 1337 1446 1405 ingenio
1464 1337 1508 1388 vel
1526 1337 1644 1387 allorum
1662 1339 1783 1388 virorum
1806 1333 1852 1390 vel
1875 1357 1935 1389 mco
1955 1341 2040 1408 ipsius
2062 1358 2212 1410 perpauca,

407 1435 560 1503 cademque
579 1432 765 1500 inscriptura
785 1430 889 1480 ltalicis
910 1428 968 1482 sire
985 1429 1099 1480 cursivis
1115 1429 1216 1480 litteris
1238 1428 1378 1497 insignita,
1396 1429 1571 1497 proferimus,
1590 1430 1704 1494 multae,
1722 1446 1791 1499 quas
1808 1431 1979 1483 Gbsclrcnius
1998 1432 2034 1484 ad
2052 1437 2211 1486 annotatio·

403 1544 466 1579 uem
484 1527 625 1586 reiecerat,
644 1526 753 1576 litterae
768 1522 947 1591 syllabaeque
962 1523 991 1572 iu
1009 1522 1096 1591 ipsam
1115 1523 1278 1590 scripturam
1296 1521 1377 1572 nobis
1395 1521 1568 1591 recipiendae
1584 1523 1706 1588 fuerunt,
1723 1525 1828 1593 quippe
1844 1524 1947 1594 quibus
1957 1527 2122 1594 prolixiores
2135 1545 2208 1580 corn-

404 1620 553 1672 mcntarios
572 1617 710 1669 subiicere
730 1632 787 1667 non
808 1613 918 1667 licebat.
937 1614 1044 1666 Similes
1059 1632 1123 1668 vero
1142 1615 1227 1677 locos,
1244 1622 1354 1683 praeter
1366 1632 1422 1677 eos,
1442 1631 1511 1684 quos
1528 1615 1700 1668 Gbscbenius
1718 1625 1768 1668 ant
1783 1633 1816 1668 ex
1832 1618 1945 1678 Savinii,
1967 1620 2105 1690 lingonis,
2126 1623 2209 1674 lleisii

405 1714 558 1764 aliorumve
574 1710 719 1762 doctorum
737 1709 860 1760 virorum
879 1717 929 1759 ant
946 1725 979 1759 ex
997 1708 1109 1776 propria
1128 1725 1200 1776 penu
1220 1707 1404 1771 indicaverat,
1424 1708 1559 1777 quosdam
1579 1717 1711 1762 annotare
1729 1727 1786 1761 non
1804 1711 2007 1776 dubitavimus,
2027 1732 2084 1783 quo
2104 1717 2210 1768 facilius

406 1807 557 1876 fragmenta
576 1812 671 1855 nostra
690 1820 753 1854 cum
771 1802 846 1865 aliis,
867 1802 915 1870 qui
934 1799 1014 1851 nobis
1033 1808 1197 1869 supersunt,
1216 1800 1344 1853 1Ctorum
1362 1800 1441 1852 libris
1461 1804 1613 1870 comparari
1632 1812 1753 1872 possent.
1788 1859 1795 1863 ,

457 1901 498 1951 De
524 1899 697 1967 fragmentis,
724 1912 796 1966 quae
823 1894 926 1956 adieci,
953 1893 1141 1961 Pomponiano
1165 1891 1442 1962 Modestinianoque,
1471 1911 1533 1946 cum
1558 1897 1586 1946 in
1618 1897 1797 1948 annotatione
1816 1896 1947 1960 dixerim,
1973 1898 2043 1951 nilril
2068 1900 2122 1952 hoc
2149 1902 2207 1954 loco

404 2008 578 2062 praemoneo.
614 1990 713 2060 Neque
738 1991 822 2041 etiam
847 1987 880 2039 de
905 1985 1067 2055 tiuousopqi
1086 1984 1222 2054 graduum
1246 1987 1416 2054 agnationis,
1439 2016 1474 2028 -
1491 1988 1576 2058 vulgo
1594 1990 1739 2041 nominant
1756 1999 1889 2052 „stemma
1908 1993 2143 2060 quemadmodum
2162 1995 2208 2047 be-

407 2085 538 2138 reditates
557 2085 616 2153 lege
634 2083 768 2135 redeant“
786 2111 821 2122 -
839 2097 921 2149 quern
943 2096 976 2132 ex
1001 2079 1108 2131 Cuiaeii
1133 2078 1213 2131 Obss.
1232 2078 1281 2130 lib.
1300 2079 1347 2131 Vl.
1367 2097 1427 2150 cap.
1445 2079 1488 2138 40.
1507 2082 1688 2151 repetendum
1707 2083 1813 2145 curavi,
1833 2085 1913 2153 longa
1933 2086 2105 2153 praefatione
2123 2089 2207 2139 lecto·

406 2195 463 2230 rem
487 2177 637 2242 defatigare
661 2177 740 2236 volo,
766 2191 827 2225 cum
847 2171 1007 2242 pracsertim
1025 2173 1128 2242 ipsam,
1149 2189 1221 2241 quae
1240 2171 1350 2225 adrem
1368 2182 1489 2226 nostram
1506 2183 1614 2244 spectat
1621 2212 1630 2238 ,
1649 2176 1683 2226 ab
1703 2176 1924 2228 excellentissimi
1943 2180 2045 2248 ingenii
2063 2182 2125 2231 viro
2144 2182 2207 2232 scri·

406 2280 482 2340 ptam
506 2269 724 2320 observationem
747 2266 877 2319 schemati
900 2266 1000 2317 subiici
1020 2267 1153 2318 iusserim.
1194 2266 1256 2318 Alia
1274 2266 1425 2336 eademque
1443 2285 1460 2318 a
1476 2275 1572 2319 nostro
1592 2268 1697 2320 diversa
1723 2278 1865 2321 stemmata
1883 2273 2059 2341 reperiuntur
2079 2276 2108 2325 iu
2127 2292 2206 2326 uranu

403 2364 509 2431 scripto
535 2363 682 2413 lastiniani
708 2361 915 2411 institutionum
938 2358 1032 2411 codice
1054 2359 1241 2435 flaminiano,
1270 2369 1298 2412 et
1316 2359 1391 2429 apud
1410 2359 1546 2416 Isidorum
1565 2361 1669 2432 (Origg.
1688 2362 1737 2414 lib.
1756 2364 1785 2414 x.
1805 2380 1865 2432 cap.
1885 2367 1910 2420 7.
1928 2379 1961 2415 ex
1979 2365 2023 2419 ed.
2043 2365 2206 2418 Gotbofrcdi

411 2457 475 2513 coll,
496 2457 572 2511 1059,
592 2496 599 2512 ,
619 2496 626 2510 .
647 2454 728 2518 1064;
747 2470 779 2505 cx
799 2452 840 2504 ed.
859 2453 966 2503 Areval.
986 2460 1051 2504 tom.
1071 2453 1120 2504 111.
1139 2471 1166 2521 p.
1184 2451 1273 2522 tau),
1292 2469 1417 2504 necnon
1436 2453 1571 2505 Graecum
1590 2457 1620 2507 in
1637 2455 1864 2523 Viglii'iuiclremi
1880 2457 2049 2510 editionibus
2065 2459 2205 2529 Theophi-

408 2550 482 2600 linae
508 2548 717 2599 institutionum
741 2543 970 2615 unoqutiotsoc.
995 2545 1049 2615 (ed.
1076 2547 1193 2615 princip.
1211 2547 1294 2599 Basil.
1319 2544 1395 2600 1534.
1419 2546 1467 2600 fol.
1490 2565 1549 2616 pag.
1571 2545 1642 2617 168.)
1678 2551 1736 2599 lana
1755 2549 1821 2600 olim
1843 2550 1902 2617 ipse
1920 2567 2034 2620 quoque
2053 2554 2204 2621 agnationis

408 2641 637 2711 cognationisque
661 2640 762 2708 gradus
785 2639 916 2707 descripsi
945 2638 1215 2708 descriptionemque
1238 2640 1268 2690 in
1294 2640 1357 2693 Gaii
1381 2640 1585 2709 lastinianique
1602 2642 1811 2695 institutionum
1830 2644 1971 2712 exemplo,
1990 2643 2067 2713 qnod
2086 2647 2203 2700 berolini

409 2751 481 2786 anno
500 2735 704 2790 clalacccaxrx.
723 2732 857 2784 informa
876 2731 1012 2802 quadrata
1029 2732 1154 2802 prodiit„
1167 2732 1317 2802 publicavi.

460 2828 608 2898 speramns
626 2827 684 2878 fore
704 2834 736 2878 ut
753 2827 791 2888 li,
811 2825 915 2895 quibus
934 2826 1114 2877 cummaxime
1132 2824 1203 2878 bene
1222 2827 1380 2879 consultum
1397 2826 1540 2896 cupimus,
1563 2828 1631 2881 iuris
1649 2828 1783 2893 studiosi,
1801 2831 1975 2900 aliquantum
1993 2848 2027 2884 ea
2045 2835 2148 2885 nostris
2166 2834 2203 2885 la·

404 2921 521 2973 boribus
540 2920 683 2972 fructuum
700 2919 841 2988 percipere
858 2921 973 2988 possint.
1010 2919 1054 2971 Tu
1073 2920 1184 2972 iuterim
1202 2923 1279 2982 vale,
1296 2921 1392 2973 lector.

407 3065 442 3118 de
455 3067 516 3116 iure
538 3064 596 3114 fisci
620 3063 747 3114 Paullum
767 3064 906 3132 scripsisse
926 3063 995 3116 duos
1018 3049 1134 3125 scimus,
1151 3079 1185 3115 ex
1203 3062 1306 3133 quibus
1326 3080 1412 3115 nuum
1429 3063 1611 3134 eumdemque
1631 3081 1664 3117 cx
1705 3066 1770 3119 riori
1788 3067 1860 3118 libro
1877 3067 2050 3136 desumptum
2064 3069 2157 3123 locum
2175 3073 2200 3122 ia

403 3130 907 3268 pigpptdsLbaggmpple(abphcdqebis,
930 3147 1002 3201 quae
1026 3139 1058 3182 nt
1077 3130 1209 3200 indign),
1227 3134 1399 3199 pertineant:
1419 3131 1561 3237 eaordium
1585 3133 1656 3183 enim
1687 3145 1888 3205 ragmeutorum
1903 3147 2060 3190 nostrorum
2072 3140 2154 3192 facile
2169 3140 2200 3190 sd

456 3286 479 3354 ⁹)
497 3284 562 3341 vid.
584 3283 757 3352 Zeitsclsrist
772 3285 832 3351 fier
849 3283 1014 3352 geschicbtb
1035 3284 1296 3339 Ileclstswisseuscis.
1315 3293 1381 3338 tum·
1398 3285 1446 3338 ut
1465 3301 1493 3354 p.
1513 3286 1718 3342 1³2.tom.1v.
1738 3304 1764 3355 p.
1783 3286 1844 3344 481.

473 3496 596 3550 Scribeb.
617 3513 722 3549 sarran
742 3512 777 3548 sa
797 3513 911 3548 sussen
930 3496 970 3549 ld.
989 3499 1100 3554 Ianuar.

576 3593 640 3642 anni
659 3593 866 3644 clalacecaxxr.
