4560 6562
1958 344 2006 410 XI

215 559 267 595 aon
289 542 358 602 sint,
386 552 453 609 qnae
473 550 601 605 personae
620 532 797 598 reiteratum.
815 533 866 584 sint
885 537 929 582 aut
949 545 1020 593 non,
1045 544 1165 600 quaeque
1184 535 1340 599 potestatem
1358 534 1560 603 prouaupnytrrr
1580 536 1606 581 ct
1627 530 1819 604 αὐτοπραγίας
1837 530 1948 583 habeant
1966 540 2009 582 arrt

215 655 268 691 non
288 635 401 688 habeant
418 633 513 695 doeet;
531 646 583 684 uon
602 630 679 680 docet
695 627 914 681 matrimoniorum
935 634 961 679 et
979 625 1166 678 concubinatus
1185 627 1236 691 ias,
1253 640 1307 678 non
1327 627 1411 693 magis
1430 641 1506 695 qnam
1521 633 1663 692 praecepta
1680 626 1744 678 iuris
1762 640 1830 694 quae
1841 626 1908 677 inter
1920 632 2009 692 patro·
2048 671 2051 674 ,

215 747 263 785 uos
281 746 312 785 ac
330 728 449 792 libertos,
467 726 587 793 interque
604 728 725 791 parentes
744 736 775 772 ac
792 719 899 784 liberos,
920 735 1042 790 quaeque
1058 720 1126 773 inter
1144 728 1242 773 tutores
1262 726 1429 772 curatoresue
1449 734 1480 771 ae
1497 734 1623 788 personas
1641 735 1709 789 quae
1727 719 1776 773 sub
1787 719 1868 772 tutela
1894 721 2007 772 curatio-

214 840 284 878 neva
301 829 362 877 sunt
379 821 513 884 obtinent;
530 834 617 890 neque
626 816 787 888 peculiorum
802 815 945 871 doctrinam
963 825 989 869 et
1007 833 1092 870 rernm
1104 815 1263 886 pupillorum
1280 815 1478 884 adulterumque
1488 816 1746 869 administrandarum
1755 823 1896 884 praecepta
1910 829 2009 883 ponere

215 913 339 968 intendit:
371 914 520 965 continetur
543 912 627 978 primo
645 909 830 961 commentario
850 907 920 977 quod
938 924 986 961 nos
1006 908 1115 964 dicimus
1134 912 1257 972 biettine
1277 922 1326 964 aaa
1346 914 1391 964 ita
1409 911 1545 970 &obiectata
1565 912 1607 964 bel
1624 911 1788 975 bucattahti
1814 913 1872 964 sive
1900 923 1948 966 ueta
1968 915 2009 964 etr

215 1009 312 1071 meurs:
326 1009 375 1059 aaa
391 1003 666 1069 maontunueuitrtqtett
686 1006 726 1055 ter
743 1003 867 1064 wantum
890 1003 915 1054 ιἰι
932 1003 1140 1066 urinotrcrtrttirtrer
1160 1005 1303 1071 Quietum,
1325 1004 1538 1057 aratorumne
1565 1007 1614 1058 ane
1627 1005 1725 1066 merua
1740 1009 1781 1058 eea
1797 1004 1833 1059 tie
1846 1006 1944 1067 bitume
1955 1009 2011 1057 orer

215 1093 490 1164 {emturopephtriptait
501 1099 606 1149 auteres
618 1094 809 1158 triumuiratum
821 1096 955 1149 deuotam.
994 1098 1063 1149 unde
1080 1098 1192 1151 destatu
1211 1100 1322 1152 naturali
1343 1116 1420 1170 quem
1436 1100 1555 1167 dicimus,
1573 1100 1606 1152 de
1626 1099 1747 1169 collegiis
1759 1101 1958 1170 etcorporibur,
1978 1101 2011 1151 de

218 1193 407 1247 &admotione
424 1188 534 1259 aliisque
550 1189 578 1241 id
596 1204 680 1256 genus
699 1203 753 1242 uon
771 1202 890 1242 seorsum
907 1188 1038 1241 disseruit.
1059 1190 1123 1243 Tum
1134 1192 1164 1244 de
1175 1195 1251 1246 rebus
1270 1196 1305 1245 ita
1323 1195 1440 1263 exponit,
1459 1200 1487 1246 ut
1504 1193 1647 1248 divisiones
1661 1195 1833 1264 quaeiniure
1845 1197 2011 1263 praecipuam

216 1288 269 1339 airu
282 1284 377 1336 babeat
395 1283 523 1350 explicet3
545 1279 640 1334 deinde
660 1282 849 1351 acquisitiones
868 1280 1094 1354 alienationesque
1113 1287 1223 1354 primum
1240 1288 1400 1357 singularum
1419 1305 1505 1341 rerum
1523 1304 1666 1358 earumque
1684 1304 1751 1358 quae
1773 1297 1827 1342 tuna
1848 1289 1942 1342 civiter
1959 1296 2012 1342 tum

217 1380 348 1434 naturales
367 1377 517 1447 acquirendi
537 1376 703 1430 alienandive
722 1376 813 1430 modos
833 1376 971 1432 admittant
992 1378 1086 1444 tradit;
1116 1380 1186 1433 unde
1205 1382 1282 1434 buius
1304 1383 1485 1450 explicationis
1505 1382 1639 1435 exordium
1665 1382 1729 1434 tacit
1745 1398 1761 1434 a
1780 1383 1909 1436 diuisione
1926 1398 2012 1436 rerum

216 1476 330 1542 mancipi
348 1481 375 1525 ct
391 1488 442 1524 nec
459 1472 581 1541 mancipi.
622 1481 683 1541 post
706 1472 740 1525 da
759 1471 947 1526 hereditatibus
974 1473 1088 1543 aliisquo
1105 1490 1153 1542 per
1169 1475 1366 1527 universitatem
1384 1474 1599 1545 acquisitionibus
1616 1476 1671 1543 agit
1688 1474 1795 1544 illisque
1815 1475 1959 1530 doctrinam
1979 1476 2013 1529 de

216 1567 311 1634 legatis
330 1563 443 1633 lideiqua
462 1565 607 1623 commissis
626 1565 789 1634 interposuit.
817 1565 1022 1637 obligationibus
1041 1575 1128 1620 autem
1146 1569 1315 1621 nouissimum
1337 1567 1423 1620 locum
1443 1568 1522 1633 dedit,
1539 1576 1652 1637 atquae
1672 1584 1715 1621 res
1728 1569 1910 1636 incorporales
1926 1583 2013 1639 neque

215 1662 433 1730 uraneipationem
452 1661 515 1713 inve
534 1661 592 1713 iure
609 1663 775 1729 cessionem,
793 1679 880 1735 neque
899 1665 1065 1718 traditionem
1081 1663 1227 1741 recipiant,
1254 1663 1300 1716 aed
1320 1679 1353 1715 ex
1372 1663 1484 1732 propriis
1502 1664 1588 1716 causis
1607 1671 1746 1717 nascantur
1766 1664 1948 1733 finiunturque.
1983 1679 2015 1717 ac

216 1756 280 1808 satis
298 1753 467 1808 memorabile
485 1761 535 1821 est,
552 1763 582 1807 nt
600 1755 633 1807 ab
655 1757 775 1810 omnibus
794 1759 850 1811 tere
869 1759 1060 1813 recentioribus
1077 1758 1145 1811 icus
1164 1758 1188 1811 si
1206 1772 1259 1811 non
1279 1759 1506 1826 praetermissum,
1540 1765 1627 1811 tamen
1645 1774 1734 1827 pamm
1752 1765 1824 1811 recte
1841 1758 2014 1824 intellectum,
2079 1810 2085 1816 .

216 1851 286 1919 quod
305 1858 377 1904 extra
394 1851 451 1904 Gaii
468 1852 631 1919 propositum
648 1853 698 1905 tuit
725 1852 759 1905 de
784 1852 971 1922 obligationum
988 1854 1015 1906 vi
1034 1857 1061 1903 et
1081 1852 1193 1917 ett‘actu,
1219 1853 1252 1905 de
1276 1852 1419 1906 rationibus
1441 1855 1579 1923 causisque
1598 1855 1673 1921 siae,
1702 1863 1731 1906 ut
1750 1854 1828 1907 hodie
1845 1855 1952 1919 dicunt,
1980 1855 2014 1907 de

215 1940 388 1995 relationibus
406 1955 476 2011 qnae
493 1942 632 1996 interreos
645 1941 772 2010 obtinent,
792 1945 876 1996 insius
895 1957 1041 2012 exponere3
1059 1945 1129 2016 quod
1148 1955 1329 2015 argumentum
1347 1964 1399 2000 non
1419 1948 1529 2001 ulterius
1544 1956 1699 2018 prosecutus
1717 1957 1767 2014 est,
1786 1966 1863 2019 qaam
1881 1958 1910 2001 nt
1931 1965 2014 2018 appa-

215 2045 286 2092 reret
304 2051 373 2108 ques
390 2035 565 2106 obligationes
585 2037 715 2107 quomodo
736 2040 866 2092 orirentur
884 2039 1081 2111 linirenturque.
1120 2041 1227 2110 similia,
1245 2044 1363 2115 quamuis
1384 2044 1455 2111 alia,
1473 2045 1506 2096 de
1526 2044 1645 2097 doctrina
1662 2044 1760 2098 Gaiana
1776 2044 1809 2096 de
1827 2044 2015 2098 hereditatibus

217 2134 329 2188 dicenda
345 2141 415 2188 sunt.
459 2135 566 2191 Scilicet
583 2136 666 2189 altera
686 2140 773 2206 operis
793 2151 853 2206 pars
873 2139 931 2190 sina
950 2139 994 2207 qui
1011 2137 1045 2190 da
1064 2137 1143 2191 rebus
1163 2145 1224 2191 sunt
1241 2140 1419 2192 commentarii
1439 2139 1570 2193 secundus
1587 2146 1614 2192 et
1634 2141 1726 2192 tertius
1745 2139 1849 2192 uadunt
1869 2140 2015 2192 doctrinam

218 2244 294 2298 quarn
312 2243 435 2284 vocamus
455 2243 504 2284 eurr
524 2235 568 2284 tm
585 2233 795 2294 meditabimur.
816 2245 865 2285 oen
887 2235 984 2287 munh
1005 2236 1053 2286 unt
1073 2234 1171 2294 mutuli
1189 2235 1316 2295 emittite.
1366 2234 1477 2298 Quartus
1495 2235 1695 2288 commentarius
1717 2234 1829 2288 tisianus
1848 2234 1951 2286 tertiam
1969 2233 2016 2288 ln·

216 2325 379 2378 stitutionum
397 2332 506 2394 purtem,
526 2325 557 2378 de
577 2327 732 2394 cretionibus,
753 2327 869 2397 exhibet,
891 2327 942 2380 hoe
962 2335 1004 2381 est
1021 2328 1164 2380 doctrinam
1182 2328 1215 2380 de
1236 2328 1443 2382 conforrnatione
1466 2329 1699 2398 immutationeque
1718 2330 1814 2382 iuriam
1835 2329 1933 2382 iudicio
1950 2344 2013 2396 per·

159 2489 160 2492 Ἰ
216 2418 426 2488 sequendorum:
448 2421 489 2472 ins
509 2421 578 2490 quod
597 2421 629 2473 ad
649 2437 776 2490 personas
793 2430 821 2474 et
840 2422 910 2491 qnod
929 2422 961 2475 ad
980 2437 1023 2476 res
1041 2424 1155 2490 pertinet
1171 2424 1301 2490 prioribus
1321 2424 1513 2477 commentariis
1531 2439 1579 2493 per
1604 2438 1634 2476 se
1656 2430 1800 2492 spectatum
1818 2431 1863 2476 aut
1879 2433 1950 2476 certe
1969 2425 2013 2477 in·

217 2513 329 2568 dicatum
352 2517 485 2585 estquasi
506 2515 696 2585 tranquillane
724 2518 812 2587 quieta
836 2518 998 2581 substantioe
1027 2517 1118 2570 eadem
1144 2531 1209 2568 vero
1232 2531 1281 2584 per
1304 2518 1449 2583 oppositam
1473 2516 1583 2569 aliorum
1609 2516 1769 2568 voluntatem
1791 2517 1921 2584 exagitata
1939 2516 2015 2567 etiarn

217 2609 325 2666 turmam
343 2611 453 2662 induens
470 2610 523 2661 vim
543 2611 652 2662 aetionis
675 2618 788 2662 exercet.
830 2613 873 2664 Sic
888 2610 966 2663 tacite
984 2612 1025 2662 ius
1046 2609 1116 2678 qnorl
1136 2608 1168 2660 ad
1186 2609 1303 2660 actiones
1321 2612 1434 2676 pertinet
1453 2617 1506 2660 tum
1525 2611 1557 2660 ab
1575 2608 1789 2677 obligationibus,
1810 2625 1878 2678 quae
1896 2609 2016 2662 similiter

218 2706 348 2756 actionum
360 2706 466 2756 nomine
486 2706 628 2759 innumeris
648 2705 715 2758 locis
732 2706 850 2769 veniunt,
867 2706 980 2774 (quippe
1000 2718 1068 2773 quae
1087 2718 1182 2771 reapse
1202 2702 1345 2756 substantia
1362 2703 1538 2770 personalium
1555 2702 1687 2755 actionum
1705 2705 1782 2772 sinu)
1801 2710 1854 2755 tum
1871 2705 2016 2756 adoctrina

220 2799 253 2848 de
272 2796 363 2848 ordine
383 2796 536 2850 iudiciorum
552 2800 711 2866 priuatorum
732 2798 993 2867 extraordinariisque
1011 2798 1123 2864 iudiciis,
1142 2811 1219 2866 quem
1237 2788 1387 2848 Processere
1403 2794 1504 2847 ciuilem
1520 2793 1700 2862 appellamus,
1719 2796 1899 2865 distinguetur.

318 2942 346 3010 ’J
364 2940 405 2994 Ad
424 2955 484 3009 pag.
495 2941 527 2993 ll.
545 2941 573 3006 ὶ.
585 2942 620 3016 2]
657 2942 728 2994 llaec
752 2941 846 2995 divisio
872 2957 949 3011 quarn
967 2957 1090 2995 εααιαιααι
1110 2940 1143 2993 de
1161 2942 1219 2993 iare
1236 2951 1406 3006 personamm
1424 2944 1562 3005 utrumque
1581 2937 1776 2990 institutionum
1796 2953 1862 3008 opus
1883 2939 2015 3007 appellat,

218 3035 282 3088 iuris
301 3033 406 3104 quidem
425 3035 540 3102 gentium
559 3043 600 3087 cst
616 3035 786 3103 alteramque,
806 3037 855 3088 iuri
876 3034 948 3088 civili
967 3037 1040 3090 honr.
1058 3037 1198 3104 propriam,
1216 3032 1357 3085 secundum
1376 3046 1450 3099 qnam
1462 3032 1586 3100 quaedam
1599 3034 1778 3100 personaesui
1799 3035 1872 3099 iuris,
1891 3036 2016 3103 quaedam

218 3129 305 3183 alieno
326 3129 374 3181 iuri
395 3127 530 3180 subiectae
549 3135 625 3193 sunt,
652 3128 805 3181 naturaliter
829 3131 856 3180 in
873 3144 904 3181 se
926 3132 1056 3192 continet;
1084 3131 1204 3182 sedtum
1229 3129 1353 3181 naturalis
1380 3125 1426 3178 illa
1454 3127 1548 3179 divisio
1576 3143 1609 3180 ex
1633 3129 1696 3181 iuris
1715 3129 1800 3181 civilis
1829 3129 1862 3181 de
1889 3128 2016 3184 libertinis

219 3239 362 3294 eorumque
379 3224 520 3293 generibus
542 3227 689 3292 praeceptis
710 3225 816 3277 ciuilem
839 3226 897 3293 ipsa
917 3225 1025 3278 termam
1044 3225 1146 3290 induit,
1176 3233 1229 3276 tunr
1248 3224 1349 3288 altera,
1368 3222 1472 3287 civilis,
1491 3223 1524 3274 de
1543 3225 1664 3292 personis
1683 3224 1724 3277 sui
1743 3225 1806 3276 iuris
1828 3222 1949 3277 alienove
1967 3225 2017 3278 iuri

219 3320 344 3373 sublectis
364 3319 459 3370 divisio
479 3334 536 3370 earn
555 3318 684 3371 diuersam
703 3320 755 3370 vim
774 3319 870 3382 habet,
897 3327 926 3371 ut
952 3335 1006 3372 non
1028 3321 1079 3374 nisi
1099 3321 1194 3372 civium
1218 3319 1392 3372 Romanorum
1412 3319 1509 3386 quique
1533 3318 1626 3371 iisdem
1653 3319 1772 3372 serviunt
1789 3323 1883 3372 statum
1902 3318 2016 3386 deliniat,

220 3416 281 3471 dum
299 3428 399 3468 summa
416 3413 463 3467 illa
480 3414 574 3467 divinia
595 3415 775 3466 condicionem
794 3415 909 3468 omnium
927 3417 1114 3483 cuiuscumque
1132 3412 1221 3482 populi
1240 3411 1371 3464 hominurn
1389 3425 1422 3464 ex
1439 3412 1497 3474 iure
1514 3410 1630 3462 Romano
1649 3417 1792 3480 spectatam
1809 3411 1914 3464 indicat.

317 3560 347 3629 ¹)
358 3557 399 3611 nu
419 3570 480 3625 pag.
487 3556 520 3610 ll.
530 3556 559 3621 ὶ.
567 3556 604 3631 3.]
624 3557 740 3611 Seruitus
760 3556 811 3608 boc
828 3554 888 3610 loco
905 3555 970 3609 nihil
987 3556 1204 3623 nisioppositum
1224 3563 1250 3607 et
1267 3556 1374 3623 negatio
1392 3553 1519 3606 libertatis
1532 3561 1589 3605 est:
1607 3552 1676 3606 unde
1695 3560 1768 3606 recte
1779 3553 1856 3607 Gaius
1876 3569 1966 3608 seruos
1988 3557 2014 3608 in

220 3655 278 3719 ipsa
296 3665 396 3704 summa
416 3650 449 3702 de
467 3650 524 3702 iure
542 3665 712 3717 personarum
730 3651 861 3704 divisione
880 3651 1035 3719 exponenda
1051 3651 1155 3703 nonnisi
1173 3651 1301 3702 nominat:
1329 3648 1423 3717 quibus
1443 3649 1527 3702 modis
1546 3647 1639 3700 tierent
1657 3650 1761 3701 servire
1779 3663 1838 3702 esse
1857 3647 2015 3716 desinerent,

220 3744 286 3797 illud
304 3744 408 3814 quidem
426 3745 520 3813 partim
538 3744 570 3795 ad
587 3743 719 3806 naturales
737 3746 925 3814 acquisitiones
944 3746 978 3797 de
1001 3754 1077 3813 partu
1097 3746 1245 3798 animalium
1262 3743 1486 3812 ancillarumque,
1513 3745 1604 3812 partim
1623 3743 1657 3794 ad
1683 3744 1787 3796 civilem
1807 3742 1961 3797 diuisionem
1981 3745 2015 3796 da

220 3839 261 3893 sni
282 3838 396 3891 atienire
414 3838 478 3891 iuris
496 3838 643 3893 bominibus
663 3848 689 3892 ct
708 3840 852 3905 doctrinam
869 3840 903 3892 de
922 3842 1034 3893 maxima
1052 3842 1145 3910 capitis
1162 3841 1332 3892 diminutione
1350 3840 1482 3907 pertinet,
1504 3839 1553 3891 hoc
1572 3854 1635 3891 uero
1654 3839 1686 3891 ad
1699 3847 1777 3907 caput
1795 3839 1827 3890 de
1841 3837 1968 3892 libertinis
1987 3847 2013 3891 et

220 3932 314 4002 quibus
335 3932 416 3985 modis
438 3935 478 3987 ius
497 3936 635 4003 potestatis
652 3934 770 3987 solvatur
790 3942 906 4003 spectat;
926 3933 1057 4003 quomodo
1077 3933 1187 3986 dominis
1207 3947 1255 4000 per
1273 3946 1363 3984 seruos
1383 3932 1544 4001 acquiratur,
1568 3931 1594 3983 in
1615 3931 1788 4000 explicatione
1805 3934 1869 3986 iuris
1891 3936 1960 4002 quod
1981 3937 2014 3986 ad

220 4045 262 4082 sce
281 4029 408 4097 pertinet,
437 4035 498 4095 apte
517 4027 715 4080 demonstratur.
765 4026 857 4096 ltaque
875 4028 899 4080 si
916 4042 1007 4080 servos
1028 4035 1156 4095 tamquam
1176 4026 1309 4078 materiam
1327 4026 1384 4077 sive
1400 4025 1568 4078 substantiam
1588 4025 1728 4078 liberorum
1749 4025 1880 4079 hominum
1899 4035 2013 4095 spectes,

221 4123 318 4192 quippe
337 4138 415 4190 quum
436 4121 474 4173 itti
492 4123 703 4175 manumissione
722 4122 797 4175 tiberi
815 4124 897 4188 itant,
916 4123 948 4174 ad
966 4121 1109 4175 membrum
1126 4119 1146 4173 B
1167 4121 1242 4172 huius
1262 4119 1397 4171 divisionis
1418 4119 1487 4185 (Gai.
1509 4118 1529 4172 1.
1540 4118 1582 4172 36.
1594 4125 1666 4190 sqq.)
1684 4121 1828 4189 pertinent3
1856 4120 1878 4170 si
1898 4134 1962 4172 vero
1981 4121 2014 4172 do

221 4218 306 4270 serris
322 4217 397 4285 quasi
415 4218 544 4284 personis,
563 4225 616 4270 tum
633 4219 693 4288 qnia
712 4219 739 4271 in
758 4233 847 4271 eorum
866 4231 976 4286 corpora
995 4218 1097 4269 saeuire
1108 4217 1204 4270 domini
1224 4215 1402 4286 probibentur,
1418 4222 1472 4265 tum
1491 4213 1559 4281 quod
1574 4214 1614 4266 bis
1631 4230 1678 4283 per
1695 4213 1755 4267 illos
1766 4213 1914 4283 acquiritur,
1934 4215 2014 4267 verba

219 4312 308 4365 tacere
328 4311 406 4375 velis,
426 4310 497 4364 illins
517 4313 698 4381 disputationis
716 4314 744 4365 in
762 4311 878 4366 secunda
899 4311 1028 4364 divisione
1049 4311 1096 4379 (ll.
1115 4314 1147 4367 h.
1169 4327 1193 4364 a.
1212 4333 1238 4366 α.
1255 4315 1285 4364 a.
1309 4336 1339 4360 =
1358 4309 1411 4363 Gai.
1434 4309 1453 4360 l.
1465 4308 1507 4360 53.
1515 4317 1606 4376 sqq),
1626 4309 1703 4361 buius
1721 4317 1806 4362 autem
1823 4307 1867 4360 ubi
1884 4307 1917 4360 de
1934 4310 2012 4363 rebus

220 4405 279 4472 (tlt.
298 4408 329 4458 a.
351 4421 374 4458 e.
394 4429 427 4455 =
448 4407 502 4459 Gai.
523 4408 555 4461 tl.
575 4406 618 4460 86.
630 4425 688 4477 sqq.
720 4415 746 4461 et
766 4408 813 4460 lll.
832 4408 861 4460 C.
882 4422 906 4458 a.
927 4426 953 4459 α.
971 4408 997 4460 a
1017 4430 1050 4456 =
1069 4406 1123 4460 Gai.
1143 4406 1188 4459 lll.
1212 4404 1271 4457 163.
1285 4413 1357 4474 sqq.)
1387 4409 1413 4455 et
1440 4400 1586 4454 actionibus
1616 4401 1651 4471 (l.
1670 4402 1699 4453 Β.
1721 4400 1746 4453 b.
1767 4422 1794 4456 α.
1814 4407 1836 4457 at
1855 4427 1889 4453 ι·-
1907 4403 2011 4457 Guatv.

221 4497 263 4549 to.
276 4504 349 4569 sqq.)
368 4500 511 4565 disseritur,
533 4501 607 4556 locus
627 4504 693 4565 erit3
712 4502 744 4554 de
763 4503 847 4554 seruis
865 4503 978 4571 deniqne
997 4504 1041 4570 qui
1061 4499 1215 4568 simpliciter
1232 4499 1344 4556 humana
1358 4511 1467 4565 corpora
1487 4495 1601 4548 dominio
1618 4495 1735 4549 subiecta
1750 4498 1809 4564 sint,
1828 4499 1872 4550 nbi
1890 4501 1931 4552 ius
1944 4500 2014 4567 quod

222 4591 255 4642 ad
274 4606 316 4644 rea
337 4595 451 4661 pertinet
469 4597 577 4651 traditur
595 4597 664 4664 (Gai.
674 4599 707 4652 11.
718 4597 761 4650 23.
781 4598 815 4649 ct.
835 4598 855 4651 t.
880 4597 939 4650 119.
960 4597 981 4649 1.
991 4601 1065 4666 54),
1085 4604 1245 4672 opponamus
1266 4592 1368 4647 dicendi
1387 4592 1462 4645 locus
1480 4597 1527 4645 est.

325 4738 365 4789 Ad
385 4754 445 4808 pag.
464 4742 496 4794 ll.
515 4742 544 4806 pi.
557 4744 580 4795 7.
591 4731 660 4819 sqq]
699 4744 771 4795 llane
791 4745 824 4795 de
842 4739 1097 4795 manumissionibus
1120 4748 1147 4791 et
1164 4738 1197 4791 de
1217 4738 1395 4791 libertinomm
1414 4732 1567 4786 condicione
1584 4729 1784 4799 disputationem
1802 4731 1921 4784 Savinius
1942 4733 2008 4802 (Qus

222 4834 277 4890 tttttt
296 4834 339 4886 iti
359 4836 422 4895 litut.
441 4839 474 4892 tt.
493 4839 631 4893 aaroni
650 4840 746 4908 pann.
767 4849 794 4892 et
813 4839 959 4892 distinctius
980 4836 1033 4889 vol.
1049 4835 1082 4887 ll.
1104 4850 1130 4903 p.
1146 4832 1208 4886 461.
1228 4840 1281 4901 sq.)
1306 4830 1371 4884 nibil
1389 4830 1440 4882 nisi
1462 4829 1494 4880 de
1512 4829 1569 4879 iure
1586 4832 1736 4892 patronatus
1757 4824 1898 4876 doctrinam
1923 4827 2009 4877 conti-

224 4943 287 4980 nere
304 4936 411 4996 aperto,
437 4939 465 4983 ut
481 4931 544 4982 mibi
566 4932 670 5000 quidem
688 4935 806 4999 ridetur,
827 4949 915 4986 errore
934 4933 1039 4985 statuit:
1072 4928 1150 4981 Gaius
1167 4927 1260 4996 quibus
1279 4924 1362 4977 modis
1381 4922 1451 4976 servi
1470 4933 1598 4989 personae
1615 4917 1678 4969 bant
1696 4925 1723 4968 et
1744 4932 1871 4985 quaenam
1888 4920 1922 4970 sit
1942 4934 2007 4969 con·

224 5023 292 5073 dicio
309 5022 489 5076 libertinorum
506 5024 549 5077 hic
564 5030 688 5094 exponit3
713 5028 746 5081 do
766 5031 823 5081 iure
844 5036 1013 5098 patronatus,
1033 5024 1103 5094 quod
1121 5031 1151 5075 ut
1169 5061 1182 5088 „
1194 5022 1327 5073 familiaris
1345 5033 1444 5082 nexus,
1464 5015 1598 5078 metallica:
1609 5007 1771 5085 hereitanu«
1790 5013 1893 5064 omnino
1913 5012 1945 5062 ad
1963 5011 2009 5064 tras

223 5116 402 5171 institutiones
421 5134 473 5172 non
494 5122 624 5188 pertinet,
641 5138 676 5174 ne
695 5124 803 5176 verbnm
820 5124 924 5193 quictem
943 5123 968 5174 h.
991 5122 1008 5172 l.
1027 5121 1106 5172 tacit:
1128 5117 1213 5169 obiter
1231 5115 1333 5181 attingit
1353 5108 1478 5164 nonnulla
1497 5114 1646 5177 patronatus
1663 5107 1733 5168 iura,
1752 5104 1861 5155 diverms
1881 5101 1947 5156 locis
1964 5104 2007 5155 in-

225 5209 282 5273 tra,
301 5211 398 5266 ubido
415 5223 581 5282 patronorum
602 5216 693 5282 tutela,
711 5218 764 5271 alio
777 5218 847 5283 loco,
865 5218 910 5271 ubi
929 5218 962 5269 da
979 5216 1062 5269 seruis
1083 5212 1221 5266 heredibus
1239 5207 1363 5260 institutis
1384 5205 1416 5257 ab
1435 5205 1468 5256 iis
1481 5204 1525 5272 qui
1539 5199 1675 5253 tacultates
1693 5214 1754 5251 suas
1772 5205 1906 5264 suspectas
1924 5197 2008 5251 babe-

224 5304 295 5370 bant,
314 5314 367 5359 turn
387 5310 432 5361 ubi
450 5310 483 5362 de
501 5311 711 5365 successionibus
730 5311 890 5378 libertorum,
909 5313 953 5365 ubi
971 5312 1004 5364 de
1026 5284 1163 5378 operarum
1184 5305 1353 5373 obligatione,
1371 5301 1484 5369 denique
1503 5298 1545 5350 ubi
1565 5296 1598 5347 dc
1618 5295 1645 5347 in
1659 5295 1699 5347 ius
1718 5290 1835 5345 vocando
1853 5307 1938 5345 sermo
1958 5303 2006 5346 est.

224 5397 315 5466 ltaque
333 5405 438 5457 omnino
457 5421 576 5475 repugno
595 5407 693 5462 savinii
713 5410 857 5462 sententiae
874 5415 955 5480 (qua,
975 5409 997 5461 si
1015 5414 1087 5459 recte
1105 5404 1192 5469 video,
1211 5409 1291 5454 toturn
1309 5398 1432 5452 (ieiunum
1454 5401 1568 5462 systema
1588 5389 1771 5457 corrumpitur)
1790 5400 1915 5440 summam
1936 5387 2008 5440 illam

225 5489 380 5548 diuisionem
399 5513 578 5567 personarum,
596 5501 738 5554 secundnm
756 5517 832 5571 qnam
846 5517 936 5554 omncs
955 5501 1072 5553 homines
1091 5506 1135 5552 aut
1155 5497 1231 5550 liberi
1249 5502 1309 5549 sunt
1326 5501 1370 5549 aut
1386 5493 1465 5560 sent,
1482 5487 1699 5544 introductionem
1717 5485 1903 5555 transitumque
1922 5499 2007 5554 quen·

224 5585 283 5639 dam
302 5590 335 5641 ad
353 5596 519 5660 exponendas
536 5598 621 5652 varim
640 5599 702 5651 iuris
720 5606 868 5666 patronatus
886 5600 988 5668 species
1008 5595 1152 5651 habendam
1172 5609 1240 5648 esse.
