<?xml version="1.0" encoding="UTF-8"?>
<!DOCTYPE html PUBLIC "-//W3C//DTD XHTML 1.0 Transitional//EN"
    "http://www.w3.org/TR/xhtml1/DTD/xhtml1-transitional.dtd">
<html xmlns="http://www.w3.org/1999/xhtml" xml:lang="en" lang="en">
 <head>
  <title>
</title>
<meta http-equiv="Content-Type" content="text/html;charset=utf-8" />
  <meta name='ocr-system' content='tesseract 3.04.00' />
  <meta name='ocr-capabilities' content='ocr_page ocr_carea ocr_par ocr_line ocrx_word'/>
</head>
<body>
  <div class='ocr_page' id='page_1' title='image "./corpusiurisroma00bethgoog/corpusiurisroma00bethgoog_0094.png"; bbox 0 0 4560 6562; ppageno 0'>
   <div class='ocr_carea' id='block_1_1' title="bbox 111 323 179 390">
    <p class='ocr_par' dir='ltr' id='par_1_1' title="bbox 111 323 179 390">
     <span class='ocr_line' id='line_1_1' title="bbox 111 323 179 390; baseline 0.074 -5"><span class='ocrx_word' id='word_1_1' title='bbox 111 323 179 390; x_wconf 78' lang='grc'><strong>195</strong></span> 
     </span>
    </p>
   </div>
   <div class='ocr_carea' id='block_1_2' title="bbox 22 508 980 4151">
    <p class='ocr_par' dir='ltr' id='par_1_2' title="bbox 22 508 980 4151">
     <span class='ocr_line' id='line_1_2' title="bbox 106 508 978 579; baseline 0.005 -21"><span class='ocrx_word' id='word_1_2' title='bbox 106 508 271 579; x_wconf 70' lang='lat' dir='ltr'><strong>permisimus</strong></span> <span class='ocrx_word' id='word_1_3' title='bbox 292 510 382 570; x_wconf 70' lang='lat' dir='ltr'><strong>lusisse,</strong></span> <span class='ocrx_word' id='word_1_4' title='bbox 403 510 425 559; x_wconf 90' lang='lat' dir='ltr'><strong>cl</strong></span> <span class='ocrx_word' id='word_1_5' title='bbox 448 515 560 559; x_wconf 89' lang='lat' dir='ltr'><strong>mortuos</strong></span> <span class='ocrx_word' id='word_1_6' title='bbox 580 509 697 561; x_wconf 84' lang='lat' dir='ltr'><strong>honrines</strong></span> <span class='ocrx_word' id='word_1_7' title='bbox 719 510 875 573; x_wconf 69' lang='lat' dir='ltr'><strong>detersus,</strong></span> <span class='ocrx_word' id='word_1_8' title='bbox 893 515 978 562; x_wconf 88' lang='lat' dir='ltr'><strong>tamen</strong></span> 
     </span>
     <span class='ocr_line' id='line_1_3' title="bbox 108 594 977 666; baseline 0.001 -20"><span class='ocrx_word' id='word_1_9' title='bbox 108 598 156 647; x_wconf 87' lang='lat' dir='ltr'><strong>etsi</strong></span> <span class='ocrx_word' id='word_1_10' title='bbox 180 597 237 663; x_wconf 89' lang='lat' dir='ltr'><strong>quis</strong></span> <span class='ocrx_word' id='word_1_11' title='bbox 260 594 266 666; x_wconf 90' lang='grc' dir='ltr'><strong>Ι</strong></span> <span class='ocrx_word' id='word_1_12' title='bbox 289 611 346 645; x_wconf 85' lang='lat' dir='ltr'><strong>eum</strong></span> <span class='ocrx_word' id='word_1_13' title='bbox 368 596 487 660; x_wconf 80' lang='lat' dir='ltr'><strong>dederit,</strong></span> <span class='ocrx_word' id='word_1_14' title='bbox 516 597 592 664; x_wconf 65' lang='lat' dir='ltr'><strong>quilt</strong></span> <span class='ocrx_word' id='word_1_15' title='bbox 618 597 670 646; x_wconf 89' lang='lat' dir='ltr'><strong>lato</strong></span> <span class='ocrx_word' id='word_1_16' title='bbox 689 612 736 648; x_wconf 91' lang='lat' dir='ltr'><strong>sno</strong></span> <span class='ocrx_word' id='word_1_17' title='bbox 756 599 808 647; x_wconf 84' lang='lat' dir='ltr'><strong>vitu</strong></span> <span class='ocrx_word' id='word_1_18' title='bbox 827 600 977 660; x_wconf 75' lang='lat' dir='ltr'>excesserit,</span> 
     </span>
     <span class='ocr_line' id='line_1_4' title="bbox 109 680 366 753; baseline 0.008 -22"><span class='ocrx_word' id='word_1_19' title='bbox 109 696 193 750; x_wconf 75' lang='lat' dir='ltr'><strong>aerque</strong></span> <span class='ocrx_word' id='word_1_20' title='bbox 211 680 345 733; x_wconf 80' lang='lat' dir='ltr'><strong>liberatur.</strong></span> <span class='ocrx_word' id='word_1_21' title='bbox 361 684 366 753; x_wconf 91' lang='grc' dir='ltr'><strong>Ι</strong></span> 
     </span>
     <span class='ocr_line' id='line_1_5' title="bbox 180 767 978 839; baseline 0.004 -21"><span class='ocrx_word' id='word_1_22' title='bbox 180 768 202 839; x_wconf 88' lang='grc' dir='ltr'><strong>Ι.</strong></span> <span class='ocrx_word' id='word_1_23' title='bbox 224 767 297 823; x_wconf 72' lang='grc'>82.“</span> <span class='ocrx_word' id='word_1_24' title='bbox 315 770 399 820; x_wconf 79' lang='lat' dir='ltr'><strong>&#39;Nunc</strong></span> <span class='ocrx_word' id='word_1_25' title='bbox 418 768 574 819; x_wconf 78' lang='lat' dir='ltr'><strong>nrlruonendi</strong></span> <span class='ocrx_word' id='word_1_26' title='bbox 590 785 682 834; x_wconf 70' lang='lat' dir='ltr'><strong>murres,</strong></span> <span class='ocrx_word' id='word_1_27' title='bbox 703 785 781 836; x_wconf 79' lang='lat' dir='ltr'><strong>aqers</strong></span> <span class='ocrx_word' id='word_1_28' title='bbox 797 785 872 839; x_wconf 84' lang='lat' dir='ltr'><strong>posse</strong></span> <span class='ocrx_word' id='word_1_29' title='bbox 891 786 978 837; x_wconf 78' lang='lat' dir='ltr'><strong>praeus-</strong></span> 
     </span>
     <span class='ocr_line' id='line_1_6' title="bbox 83 853 978 929; baseline 0.003 -25"><span class='ocrx_word' id='word_1_30' title='bbox 83 853 169 905; x_wconf 75' lang='lat' dir='ltr'><strong>sister</strong></span> <span class='ocrx_word' id='word_1_31' title='bbox 186 862 231 906; x_wconf 84' lang='lat' dir='ltr'><strong>uut</strong></span> <span class='ocrx_word' id='word_1_32' title='bbox 248 870 294 905; x_wconf 84' lang='lat' dir='ltr'><strong>suo</strong></span> <span class='ocrx_word' id='word_1_33' title='bbox 310 857 423 918; x_wconf 84' lang='lat' dir='ltr'><strong>nomine,</strong></span> <span class='ocrx_word' id='word_1_34' title='bbox 445 863 488 906; x_wconf 85' lang='lat' dir='ltr'><strong>out</strong></span> <span class='ocrx_word' id='word_1_35' title='bbox 506 855 648 929; x_wconf 58' lang='lat' dir='ltr'><strong>alienasti}</strong></span> <span class='ocrx_word' id='word_1_36' title='bbox 668 855 764 920; x_wconf 88' lang='lat' dir='ltr'><strong>alieno,</strong></span> <span class='ocrx_word' id='word_1_37' title='bbox 783 856 864 907; x_wconf 85' lang='lat' dir='ltr'><strong>veluti</strong></span> <span class='ocrx_word' id='word_1_38' title='bbox 885 858 978 924; x_wconf 80' lang='lat' dir='ltr'><strong>cogiti-</strong></span> 
     </span>
     <span class='ocr_line' id='line_1_7' title="bbox 109 942 978 1015; baseline 0.003 -24"><span class='ocrx_word' id='word_1_39' title='bbox 109 942 217 1004; x_wconf 60' lang='lat' dir='ltr'><strong>tortor,</strong></span> <span class='ocrx_word' id='word_1_40' title='bbox 239 944 431 1007; x_wconf 69' lang='lat' dir='ltr'><strong>procuratorio,</strong></span> <span class='ocrx_word' id='word_1_41' title='bbox 448 943 552 1001; x_wconf 89' lang='lat' dir='ltr'><strong>tutorio,</strong></span> <span class='ocrx_word' id='word_1_42' title='bbox 571 944 577 1015; x_wconf 92' lang='grc' dir='ltr'><strong>Ι</strong></span> <span class='ocrx_word' id='word_1_43' title='bbox 600 944 742 994; x_wconf 84' lang='lat' dir='ltr'><strong>curatoria:</strong></span> <span class='ocrx_word' id='word_1_44' title='bbox 761 959 818 994; x_wconf 89' lang='lat' dir='ltr'><strong>cum</strong></span> <span class='ocrx_word' id='word_1_45' title='bbox 836 943 907 1007; x_wconf 89' lang='lat' dir='ltr'><strong>olim,</strong></span> <span class='ocrx_word' id='word_1_46' title='bbox 928 958 978 1012; x_wconf 91' lang='lat' dir='ltr'><strong>quo</strong></span> 
     </span>
     <span class='ocr_line' id='line_1_8' title="bbox 109 1027 978 1103; baseline 0.007 -27"><span class='ocrx_word' id='word_1_47' title='bbox 109 1034 221 1096; x_wconf 71' lang='lat' dir='ltr'><strong>ternpore</strong></span> <span class='ocrx_word' id='word_1_48' title='bbox 238 1035 315 1079; x_wconf 85' lang='lat' dir='ltr'><strong>erant</strong></span> <span class='ocrx_word' id='word_1_49' title='bbox 332 1027 395 1095; x_wconf 77' lang='lat' dir='ltr'><strong>lepis</strong></span> <span class='ocrx_word' id='word_1_50' title='bbox 415 1030 571 1091; x_wconf 70' lang='lat' dir='ltr'><strong>actionest⁹‚</strong></span> <span class='ocrx_word' id='word_1_51' title='bbox 591 1028 633 1103; x_wconf 81' lang='grc' dir='ltr'><strong>ῑηΙ</strong></span> <span class='ocrx_word' id='word_1_52' title='bbox 654 1043 704 1080; x_wconf 88' lang='lat' dir='ltr'><strong>usn</strong></span> <span class='ocrx_word' id='word_1_53' title='bbox 723 1029 854 1094; x_wconf 72' lang='lat' dir='ltr'><strong>tuissetta,</strong></span> <span class='ocrx_word' id='word_1_54' title='bbox 873 1029 978 1082; x_wconf 85' lang='lat' dir='ltr'><strong>alterius</strong></span> 
     </span>
     <span class='ocr_line' id='line_1_9' title="bbox 108 1114 977 1189; baseline 0.002 -23"><span class='ocrx_word' id='word_1_55' title='bbox 108 1114 214 1166; x_wconf 85' lang='lat' dir='ltr'><strong>nemine</strong></span> <span class='ocrx_word' id='word_1_56' title='bbox 231 1128 311 1182; x_wconf 75' lang='lat' dir='ltr'><strong>agera</strong></span> <span class='ocrx_word' id='word_1_57' title='bbox 331 1129 382 1166; x_wconf 90' lang='lat' dir='ltr'><strong>nan</strong></span> <span class='ocrx_word' id='word_1_58' title='bbox 400 1114 496 1178; x_wconf 79' lang='lat' dir='ltr'><strong>licere,</strong></span> <span class='ocrx_word' id='word_1_59' title='bbox 522 1116 588 1166; x_wconf 70' lang='lat' dir='ltr'><strong>&#39;uisi&#39;</strong></span> <span class='ocrx_word' id='word_1_60' title='bbox 611 1131 659 1182; x_wconf 92' lang='lat' dir='ltr'><strong>pro</strong></span> <span class='ocrx_word' id='word_1_61' title='bbox 679 1116 788 1189; x_wconf 66' lang='lat' dir='ltr'><strong>populls</strong></span> <span class='ocrx_word' id='word_1_62' title='bbox 808 1125 832 1167; x_wconf 91' lang='lat' dir='ltr'><strong>et</strong></span> <span class='ocrx_word' id='word_1_63' title='bbox 851 1117 977 1169; x_wconf 76' lang='lat' dir='ltr'><strong>libertatis</strong></span> 
     </span>
     <span class='ocr_line' id='line_1_10' title="bbox 108 1199 978 1274; baseline 0.003 -21"><span class='ocrx_word' id='word_1_64' title='bbox 108 1205 233 1253; x_wconf 61' lang='lat' dir='ltr'><strong>amau.</strong></span> <span class='ocrx_word' id='word_1_65' title='bbox 380 1202 400 1274; x_wconf 86' lang='grc' dir='ltr'><strong>Ι.</strong></span> <span class='ocrx_word' id='word_1_66' title='bbox 418 1201 460 1254; x_wconf 83' lang='grc'>83.</span> <span class='ocrx_word' id='word_1_67' title='bbox 498 1199 624 1269; x_wconf 75' lang='lat' dir='ltr'><strong>cognitor</strong></span> <span class='ocrx_word' id='word_1_68' title='bbox 644 1211 729 1254; x_wconf 87' lang='lat' dir='ltr'><strong>antem</strong></span> <span class='ocrx_word' id='word_1_69' title='bbox 751 1205 827 1255; x_wconf 90' lang='lat' dir='ltr'><strong>certis</strong></span> <span class='ocrx_word' id='word_1_70' title='bbox 845 1204 933 1254; x_wconf 79' lang='lat' dir='ltr'><strong>verbis</strong></span> <span class='ocrx_word' id='word_1_71' title='bbox 952 1205 978 1256; x_wconf 89' lang='lat' dir='ltr'><strong>in</strong></span> 
     </span>
     <span class='ocr_line' id='line_1_11' title="bbox 109 1287 979 1362; baseline 0.001 -23"><span class='ocrx_word' id='word_1_72' title='bbox 109 1287 180 1339; x_wconf 85' lang='lat' dir='ltr'><strong>litem</strong></span> <span class='ocrx_word' id='word_1_73' title='bbox 200 1302 285 1340; x_wconf 81' lang='lat' dir='ltr'><strong>coraus</strong></span> <span class='ocrx_word' id='word_1_74' title='bbox 308 1288 315 1362; x_wconf 93' lang='grc' dir='ltr'><strong>Ι</strong></span> <span class='ocrx_word' id='word_1_75' title='bbox 336 1289 485 1341; x_wconf 88' lang='lat' dir='ltr'><strong>adversario</strong></span> <span class='ocrx_word' id='word_1_76' title='bbox 506 1289 676 1341; x_wconf 72' lang='lat' dir='ltr'><strong>substituitur.</strong></span> <span class='ocrx_word' id='word_1_77' title='bbox 707 1305 766 1341; x_wconf 90' lang='lat' dir='ltr'><strong>nam</strong></span> <span class='ocrx_word' id='word_1_78' title='bbox 784 1299 856 1341; x_wconf 91' lang='lat' dir='ltr'><strong>actor</strong></span> <span class='ocrx_word' id='word_1_79' title='bbox 872 1292 911 1341; x_wconf 81' lang='lat' dir='ltr'><strong>ito</strong></span> <span class='ocrx_word' id='word_1_80' title='bbox 931 1305 979 1340; x_wconf 89' lang='lat' dir='ltr'><strong>eo-</strong></span> 
     </span>
     <span class='ocr_line' id='line_1_12' title="bbox 69 1376 979 1449; baseline 0.001 -23"><span class='ocrx_word' id='word_1_81' title='bbox 69 1376 236 1443; x_wconf 77' lang='lat' dir='ltr'><strong>rognitorem</strong></span> <span class='ocrx_word' id='word_1_82' title='bbox 254 1376 260 1449; x_wconf 93' lang='grc' dir='ltr'><strong>Ι</strong></span> <span class='ocrx_word' id='word_1_83' title='bbox 275 1376 335 1426; x_wconf 87' lang='lat' dir='ltr'><strong>dat:</strong></span> <span class='ocrx_word' id='word_1_84' title='bbox 354 1391 423 1436; x_wconf 81' lang='lat' dir='ltr'><strong>onon</strong></span> <span class='ocrx_word' id='word_1_85' title='bbox 439 1390 487 1428; x_wconf 86' lang='lat' dir='ltr'><strong>sao</strong></span> <span class='ocrx_word' id='word_1_86' title='bbox 504 1391 522 1429; x_wconf 81' lang='lat' dir='ltr'><strong>s</strong></span> <span class='ocrx_word' id='word_1_87' title='bbox 539 1393 572 1429; x_wconf 84' lang='lat' dir='ltr'><strong>rs</strong></span> <span class='ocrx_word' id='word_1_88' title='bbox 589 1377 662 1429; x_wconf 86' lang='lat' dir='ltr'><strong>verbi</strong></span> <span class='ocrx_word' id='word_1_89' title='bbox 678 1379 760 1445; x_wconf 83' lang='lat' dir='ltr'><strong>gratia</strong></span> <span class='ocrx_word' id='word_1_90' title='bbox 780 1393 885 1430; x_wconf 82' lang='lat' dir='ltr'><strong>sunnon</strong></span> <span class='ocrx_word' id='word_1_91' title='bbox 905 1393 979 1441; x_wconf 80' lang='lat' dir='ltr'><strong>raro,</strong></span> 
     </span>
     <span class='ocr_line' id='line_1_13' title="bbox 109 1463 979 1537; baseline -0.003 -20"><span class='ocrx_word' id='word_1_92' title='bbox 109 1477 139 1517; x_wconf 87' lang='lat' dir='ltr'><strong>ut</strong></span> <span class='ocrx_word' id='word_1_93' title='bbox 156 1477 209 1515; x_wconf 78' lang='lat' dir='ltr'><strong>ms</strong></span> <span class='ocrx_word' id='word_1_94' title='bbox 229 1477 281 1515; x_wconf 80' lang='lat' dir='ltr'><strong>uss</strong></span> <span class='ocrx_word' id='word_1_95' title='bbox 299 1463 305 1537; x_wconf 92' lang='grc' dir='ltr'><strong>Ι</strong></span> <span class='ocrx_word' id='word_1_96' title='bbox 320 1479 418 1516; x_wconf 80' lang='lat' dir='ltr'><strong>sacrus</strong></span> <span class='ocrx_word' id='word_1_97' title='bbox 438 1479 529 1516; x_wconf 81' lang='lat' dir='ltr'><strong>cirrus</strong></span> <span class='ocrx_word' id='word_1_98' title='bbox 549 1480 606 1517; x_wconf 81' lang='lat' dir='ltr'><strong>rrsr</strong></span> <span class='ocrx_word' id='word_1_99' title='bbox 627 1479 861 1529; x_wconf 80' lang='lat' dir='ltr'><strong>eoanrrons1n03</strong></span> <span class='ocrx_word' id='word_1_100' title='bbox 887 1463 979 1515; x_wconf 76' lang='lat' dir='ltr'><strong>artear-</strong></span> 
     </span>
     <span class='ocr_line' id='line_1_14' title="bbox 107 1550 978 1622; baseline 0.001 -20"><span class='ocrx_word' id='word_1_101' title='bbox 107 1551 190 1602; x_wconf 76' lang='lat' dir='ltr'><strong>ustas</strong></span> <span class='ocrx_word' id='word_1_102' title='bbox 210 1551 217 1622; x_wconf 90' lang='grc' dir='ltr'><strong>Ι</strong></span> <span class='ocrx_word' id='word_1_103' title='bbox 238 1550 290 1601; x_wconf 82' lang='lat' dir='ltr'><strong>ita:</strong></span> <span class='ocrx_word' id='word_1_104' title='bbox 310 1566 416 1611; x_wconf 75' lang='lat' dir='ltr'><strong>ausano</strong></span> <span class='ocrx_word' id='word_1_105' title='bbox 437 1566 471 1603; x_wconf 90' lang='lat' dir='ltr'><strong>rn</strong></span> <span class='ocrx_word' id='word_1_106' title='bbox 489 1567 507 1604; x_wconf 80' lang='lat' dir='ltr'><strong>s</strong></span> <span class='ocrx_word' id='word_1_107' title='bbox 525 1567 559 1604; x_wconf 77' lang='lat' dir='ltr'><strong>un</strong></span> <span class='ocrx_word' id='word_1_108' title='bbox 577 1568 682 1605; x_wconf 73' lang='lat' dir='ltr'><strong>smnus</strong></span> <span class='ocrx_word' id='word_1_109' title='bbox 700 1568 789 1615; x_wconf 82' lang='lat' dir='ltr'><strong>raris,</strong></span> <span class='ocrx_word' id='word_1_110' title='bbox 808 1567 835 1604; x_wconf 89' lang='lat' dir='ltr'><strong>m</strong></span> <span class='ocrx_word' id='word_1_111' title='bbox 856 1568 909 1604; x_wconf 79' lang='lat' dir='ltr'><strong>ssu</strong></span> <span class='ocrx_word' id='word_1_112' title='bbox 926 1566 978 1603; x_wconf 80' lang='lat' dir='ltr'><strong>nus</strong></span> 
     </span>
     <span class='ocr_line' id='line_1_15' title="bbox 108 1637 979 1708; baseline -0.001 -19"><span class='ocrx_word' id='word_1_113' title='bbox 108 1650 225 1689; x_wconf 72' lang='lat' dir='ltr'><strong>nostrus</strong></span> <span class='ocrx_word' id='word_1_114' title='bbox 244 1637 378 1708; x_wconf 66' lang='lat' dir='ltr'><strong>assirius</strong></span> <span class='ocrx_word' id='word_1_115' title='bbox 403 1653 569 1691; x_wconf 79' lang='lat' dir='ltr'><strong>coanrronsr</strong></span> <span class='ocrx_word' id='word_1_116' title='bbox 592 1655 636 1692; x_wconf 87' lang='lat' dir='ltr'><strong>no.</strong></span> <span class='ocrx_word' id='word_1_117' title='bbox 661 1646 764 1707; x_wconf 90' lang='lat' dir='ltr'><strong>potest,</strong></span> <span class='ocrx_word' id='word_1_118' title='bbox 790 1646 819 1690; x_wconf 90' lang='lat' dir='ltr'><strong>ut</strong></span> <span class='ocrx_word' id='word_1_119' title='bbox 845 1647 918 1689; x_wconf 89' lang='lat' dir='ltr'><strong>actor</strong></span> <span class='ocrx_word' id='word_1_120' title='bbox 942 1639 979 1689; x_wconf 89' lang='lat' dir='ltr'><strong>ita</strong></span> 
     </span>
     <span class='ocr_line' id='line_1_16' title="bbox 108 1721 977 1795; baseline 0.003 -23"><span class='ocrx_word' id='word_1_121' title='bbox 108 1721 191 1775; x_wconf 83' lang='lat' dir='ltr'><strong>dieat:</strong></span> <span class='ocrx_word' id='word_1_122' title='bbox 210 1738 280 1784; x_wconf 82' lang='lat' dir='ltr'><strong>onon</strong></span> <span class='ocrx_word' id='word_1_123' title='bbox 297 1723 367 1795; x_wconf 66' lang='lat' dir='ltr'><strong>sao}</strong></span> <span class='ocrx_word' id='word_1_124' title='bbox 386 1739 469 1776; x_wconf 79' lang='lat' dir='ltr'><strong>ancos</strong></span> <span class='ocrx_word' id='word_1_125' title='bbox 490 1740 576 1778; x_wconf 79' lang='lat' dir='ltr'><strong>nanas</strong></span> <span class='ocrx_word' id='word_1_126' title='bbox 594 1740 673 1789; x_wconf 80' lang='lat' dir='ltr'><strong>roso,</strong></span> <span class='ocrx_word' id='word_1_127' title='bbox 694 1740 722 1777; x_wconf 83' lang='lat' dir='ltr'><strong>tn</strong></span> <span class='ocrx_word' id='word_1_128' title='bbox 740 1740 794 1776; x_wconf 79' lang='lat' dir='ltr'><strong>sss</strong></span> <span class='ocrx_word' id='word_1_129' title='bbox 812 1740 864 1776; x_wconf 78' lang='lat' dir='ltr'><strong>usn</strong></span> <span class='ocrx_word' id='word_1_130' title='bbox 882 1738 977 1777; x_wconf 82' lang='lat' dir='ltr'><strong>cosur-</strong></span> 
     </span>
     <span class='ocr_line' id='line_1_17' title="bbox 67 1809 978 1886; baseline -0.002 -22"><span class='ocrx_word' id='word_1_131' title='bbox 67 1811 194 1864; x_wconf 79' lang='lat' dir='ltr'><strong>rbroasn</strong></span> <span class='ocrx_word' id='word_1_132' title='bbox 218 1826 270 1872; x_wconf 87' lang='lat' dir='ltr'><strong>no;</strong></span> <span class='ocrx_word' id='word_1_133' title='bbox 299 1809 479 1886; x_wconf 72' lang='lat' dir='ltr'><strong>adtrersnrius</strong></span> <span class='ocrx_word' id='word_1_134' title='bbox 498 1812 551 1863; x_wconf 84' lang='lat' dir='ltr'><strong>ita:</strong></span> <span class='ocrx_word' id='word_1_135' title='bbox 583 1827 691 1874; x_wconf 77' lang='lat' dir='ltr'><strong>ansano</strong></span> <span class='ocrx_word' id='word_1_136' title='bbox 718 1826 752 1864; x_wconf 88' lang='lat' dir='ltr'><strong>ro</strong></span> <span class='ocrx_word' id='word_1_137' title='bbox 778 1826 866 1864; x_wconf 75' lang='lat' dir='ltr'><strong>uscos</strong></span> <span class='ocrx_word' id='word_1_138' title='bbox 893 1824 978 1863; x_wconf 79' lang='lat' dir='ltr'><strong>nasas</strong></span> 
     </span>
     <span class='ocr_line' id='line_1_18' title="bbox 108 1899 979 1969; baseline -0.001 -18"><span class='ocrx_word' id='word_1_139' title='bbox 108 1913 162 1962; x_wconf 83' lang='lat' dir='ltr'><strong>urs,</strong></span> <span class='ocrx_word' id='word_1_140' title='bbox 181 1916 213 1952; x_wconf 87' lang='lat' dir='ltr'><strong>rr</strong></span> <span class='ocrx_word' id='word_1_141' title='bbox 232 1915 292 1951; x_wconf 75' lang='lat' dir='ltr'><strong>uss</strong></span> <span class='ocrx_word' id='word_1_142' title='bbox 311 1914 361 1950; x_wconf 81' lang='lat' dir='ltr'><strong>arn</strong></span> <span class='ocrx_word' id='word_1_143' title='bbox 377 1904 383 1969; x_wconf 91' lang='grc' dir='ltr'><strong>Ι</strong></span> <span class='ocrx_word' id='word_1_144' title='bbox 399 1914 565 1952; x_wconf 74' lang='lat' dir='ltr'><strong>constratis!</strong></span> <span class='ocrx_word' id='word_1_145' title='bbox 583 1915 625 1951; x_wconf 90' lang='lat' dir='ltr'><strong>no.</strong></span> <span class='ocrx_word' id='word_1_146' title='bbox 651 1913 702 1950; x_wconf 88' lang='lat' dir='ltr'><strong>neo</strong></span> <span class='ocrx_word' id='word_1_147' title='bbox 719 1899 836 1960; x_wconf 89' lang='lat' dir='ltr'><strong>interest,</strong></span> <span class='ocrx_word' id='word_1_148' title='bbox 855 1912 979 1965; x_wconf 87' lang='lat' dir='ltr'><strong>praesens</strong></span> 
     </span>
     <span class='ocr_line' id='line_1_19' title="bbox 106 1983 978 2060; baseline 0.002 -26"><span class='ocrx_word' id='word_1_149' title='bbox 106 1998 142 2035; x_wconf 80' lang='lat' dir='ltr'><strong>sn</strong></span> <span class='ocrx_word' id='word_1_150' title='bbox 162 1983 256 2036; x_wconf 81' lang='lat' dir='ltr'><strong>absens</strong></span> <span class='ocrx_word' id='word_1_151' title='bbox 277 1987 396 2053; x_wconf 76' lang='lat' dir='ltr'><strong>cognitor</strong></span> <span class='ocrx_word' id='word_1_152' title='bbox 416 1986 422 2060; x_wconf 98' lang='grc' dir='ltr'><strong>Ι</strong></span> <span class='ocrx_word' id='word_1_153' title='bbox 443 1986 526 2038; x_wconf 88' lang='lat' dir='ltr'><strong>detur.</strong></span> <span class='ocrx_word' id='word_1_154' title='bbox 553 1985 600 2040; x_wconf 89' lang='lat' dir='ltr'><strong>sed</strong></span> <span class='ocrx_word' id='word_1_155' title='bbox 626 1987 648 2037; x_wconf 89' lang='lat' dir='ltr'><strong>si</strong></span> <span class='ocrx_word' id='word_1_156' title='bbox 675 1985 770 2036; x_wconf 85' lang='lat' dir='ltr'><strong>absens</strong></span> <span class='ocrx_word' id='word_1_157' title='bbox 798 1984 870 2036; x_wconf 90' lang='lat' dir='ltr'><strong>datus</strong></span> <span class='ocrx_word' id='word_1_158' title='bbox 890 1985 978 2049; x_wconf 81' lang='lat' dir='ltr'><strong>fuerit,</strong></span> 
     </span>
     <span class='ocr_line' id='line_1_20' title="bbox 109 2072 978 2147; baseline 0.002 -26"><span class='ocrx_word' id='word_1_159' title='bbox 109 2072 228 2138; x_wconf 76' lang='lat' dir='ltr'><strong>coguitor</strong></span> <span class='ocrx_word' id='word_1_160' title='bbox 244 2073 281 2124; x_wconf 89' lang='lat' dir='ltr'><strong>ita</strong></span> <span class='ocrx_word' id='word_1_161' title='bbox 298 2074 356 2136; x_wconf 84' lang='lat' dir='ltr'><strong>erit,</strong></span> <span class='ocrx_word' id='word_1_162' title='bbox 374 2075 397 2126; x_wconf 87' lang='lat' dir='ltr'><strong>si</strong></span> <span class='ocrx_word' id='word_1_163' title='bbox 415 2074 582 2147; x_wconf 69' lang='lat' dir='ltr'><strong>seignouerit</strong></span> <span class='ocrx_word' id='word_1_164' title='bbox 599 2080 623 2125; x_wconf 89' lang='lat' dir='ltr'><strong>et</strong></span> <span class='ocrx_word' id='word_1_165' title='bbox 639 2075 779 2140; x_wconf 79' lang='lat' dir='ltr'><strong>utseeperit</strong></span> <span class='ocrx_word' id='word_1_166' title='bbox 795 2072 909 2123; x_wconf 88' lang='lat' dir='ltr'><strong>silicium</strong></span> <span class='ocrx_word' id='word_1_167' title='bbox 930 2086 978 2123; x_wconf 91' lang='lat' dir='ltr'><strong>co-</strong></span> 
     </span>
     <span class='ocr_line' id='line_1_21' title="bbox 109 2159 978 2233; baseline 0.002 -24"><span class='ocrx_word' id='word_1_168' title='bbox 109 2159 225 2228; x_wconf 73' lang='lat' dir='ltr'><strong>gnitoris.</strong></span> <span class='ocrx_word' id='word_1_169' title='bbox 242 2161 247 2231; x_wconf 89' lang='grc' dir='ltr'><strong>Ι</strong></span> <span class='ocrx_word' id='word_1_170' title='bbox 313 2161 335 2233; x_wconf 91' lang='grc' dir='ltr'><strong>Ι.</strong></span> <span class='ocrx_word' id='word_1_171' title='bbox 356 2159 400 2213; x_wconf 84' lang='lat' dir='ltr'><strong>ttt.</strong></span> <span class='ocrx_word' id='word_1_172' title='bbox 413 2165 434 2198; x_wconf 78' lang='lat'><strong>⁵²</strong></span> <span class='ocrx_word' id='word_1_173' title='bbox 469 2161 622 2213; x_wconf 80' lang='lat' dir='ltr'><strong>Procurator</strong></span> <span class='ocrx_word' id='word_1_174' title='bbox 639 2175 704 2211; x_wconf 88' lang='lat' dir='ltr'><strong>vero</strong></span> <span class='ocrx_word' id='word_1_175' title='bbox 720 2159 800 2211; x_wconf 87' lang='lat' dir='ltr'><strong>nullis</strong></span> <span class='ocrx_word' id='word_1_176' title='bbox 821 2160 898 2210; x_wconf 91' lang='lat' dir='ltr'><strong>certis</strong></span> <span class='ocrx_word' id='word_1_177' title='bbox 915 2174 978 2211; x_wconf 83' lang='lat' dir='ltr'><strong>uer·</strong></span> 
     </span>
     <span class='ocr_line' id='line_1_22' title="bbox 65 2244 977 2320; baseline 0 -25"><span class='ocrx_word' id='word_1_178' title='bbox 65 2257 100 2295; x_wconf 79' lang='lat' dir='ltr'><strong>no</strong></span> <span class='ocrx_word' id='word_1_179' title='bbox 109 2244 149 2297; x_wconf 90' lang='lat' dir='ltr'><strong>bis</strong></span> <span class='ocrx_word' id='word_1_180' title='bbox 168 2244 287 2298; x_wconf 83' lang='lat' dir='ltr'><strong>inlitam</strong></span> <span class='ocrx_word' id='word_1_181' title='bbox 306 2248 481 2320; x_wconf 68' lang='lat' dir='ltr'><strong>eonstiltnitur</strong></span> <span class='ocrx_word' id='word_1_182' title='bbox 493 2251 532 2310; x_wconf 78' lang='lat'><strong>⁵⁸3</strong></span> <span class='ocrx_word' id='word_1_183' title='bbox 550 2248 597 2300; x_wconf 87' lang='lat' dir='ltr'><strong>sed</strong></span> <span class='ocrx_word' id='word_1_184' title='bbox 616 2264 648 2299; x_wconf 81' lang='lat' dir='ltr'><strong>ex</strong></span> <span class='ocrx_word' id='word_1_185' title='bbox 668 2246 865 2311; x_wconf 89' lang='lat' dir='ltr'><strong>solomandato,</strong></span> <span class='ocrx_word' id='word_1_186' title='bbox 884 2252 911 2297; x_wconf 90' lang='lat' dir='ltr'><strong>et</strong></span> <span class='ocrx_word' id='word_1_187' title='bbox 928 2245 977 2296; x_wconf 88' lang='lat' dir='ltr'><strong>ab·</strong></span> 
     </span>
     <span class='ocr_line' id='line_1_23' title="bbox 108 2335 978 2409; baseline -0.002 -24"><span class='ocrx_word' id='word_1_188' title='bbox 108 2340 201 2397; x_wconf 86' lang='lat' dir='ltr'><strong>sente,</strong></span> <span class='ocrx_word' id='word_1_189' title='bbox 221 2341 247 2384; x_wconf 90' lang='lat' dir='ltr'><strong>ct</strong></span> <span class='ocrx_word' id='word_1_190' title='bbox 268 2335 403 2402; x_wconf 75' lang='lat' dir='ltr'><strong>ignierante</strong></span> <span class='ocrx_word' id='word_1_191' title='bbox 421 2335 597 2409; x_wconf 66' lang='lat' dir='ltr'><strong>adversatrio,</strong></span> <span class='ocrx_word' id='word_1_192' title='bbox 628 2336 800 2388; x_wconf 80' lang='lat' dir='ltr'><strong>constituitur.</strong></span> <span class='ocrx_word' id='word_1_193' title='bbox 836 2335 978 2404; x_wconf 86' lang='lat' dir='ltr'><strong>qninetisrn</strong></span> 
     </span>
     <span class='ocr_line' id='line_1_24' title="bbox 107 2420 977 2495; baseline 0.002 -25"><span class='ocrx_word' id='word_1_194' title='bbox 107 2424 175 2482; x_wconf 89' lang='lat' dir='ltr'><strong>sunt,</strong></span> <span class='ocrx_word' id='word_1_195' title='bbox 194 2420 240 2488; x_wconf 90' lang='lat' dir='ltr'><strong>qui</strong></span> <span class='ocrx_word' id='word_1_196' title='bbox 257 2427 366 2488; x_wconf 89' lang='lat' dir='ltr'><strong>putant,</strong></span> <span class='ocrx_word' id='word_1_197' title='bbox 384 2421 426 2473; x_wconf 84' lang='lat' dir='ltr'><strong>ael</strong></span> <span class='ocrx_word' id='word_1_198' title='bbox 444 2438 499 2473; x_wconf 83' lang='lat' dir='ltr'><strong>eum</strong></span> <span class='ocrx_word' id='word_1_199' title='bbox 516 2422 721 2495; x_wconf 68' lang='lat' dir='ltr'><strong>procuraltorem</strong></span> <span class='ocrx_word' id='word_1_200' title='bbox 739 2421 840 2484; x_wconf 83' lang='lat' dir='ltr'><strong>rideri,</strong></span> <span class='ocrx_word' id='word_1_201' title='bbox 861 2421 902 2472; x_wconf 89' lang='lat' dir='ltr'><strong>cni</strong></span> <span class='ocrx_word' id='word_1_202' title='bbox 924 2434 977 2472; x_wconf 92' lang='lat' dir='ltr'><strong>non</strong></span> 
     </span>
     <span class='ocr_line' id='line_1_25' title="bbox 107 2502 977 2580; baseline 0.003 -26"><span class='ocrx_word' id='word_1_203' title='bbox 107 2502 141 2555; x_wconf 86' lang='lat' dir='ltr'><strong>sit</strong></span> <span class='ocrx_word' id='word_1_204' title='bbox 158 2504 313 2569; x_wconf 88' lang='lat' dir='ltr'><strong>mandatnm,</strong></span> <span class='ocrx_word' id='word_1_205' title='bbox 332 2508 354 2558; x_wconf 90' lang='lat' dir='ltr'><strong>si</strong></span> <span class='ocrx_word' id='word_1_206' title='bbox 372 2506 449 2558; x_wconf 87' lang='lat' dir='ltr'><strong>modo</strong></span> <span class='ocrx_word' id='word_1_207' title='bbox 470 2507 539 2559; x_wconf 88' lang='lat' dir='ltr'><strong>bona</strong></span> <span class='ocrx_word' id='word_1_208' title='bbox 556 2508 607 2559; x_wconf 84' lang='lat' dir='ltr'><strong>lide</strong></span> <span class='ocrx_word' id='word_1_209' title='bbox 625 2508 731 2559; x_wconf 87' lang='lat' dir='ltr'><strong>accedat</strong></span> <span class='ocrx_word' id='word_1_210' title='bbox 749 2507 783 2558; x_wconf 87' lang='lat' dir='ltr'><strong>ad</strong></span> <span class='ocrx_word' id='word_1_211' title='bbox 805 2507 811 2580; x_wconf 93' lang='grc' dir='ltr'><strong>Ι</strong></span> <span class='ocrx_word' id='word_1_212' title='bbox 834 2507 977 2574; x_wconf 78' lang='lat' dir='ltr'><strong>negotium,</strong></span> 
     </span>
     <span class='ocr_line' id='line_1_26' title="bbox 107 2593 978 2668; baseline 0.003 -26"><span class='ocrx_word' id='word_1_213' title='bbox 107 2596 135 2642; x_wconf 88' lang='lat' dir='ltr'><strong>ct</strong></span> <span class='ocrx_word' id='word_1_214' title='bbox 152 2600 244 2644; x_wconf 72' lang='lat' dir='ltr'><strong>mreat</strong></span> <span class='ocrx_word' id='word_1_215' title='bbox 264 2602 344 2645; x_wconf 85' lang='lat' dir='ltr'><strong>ratam</strong></span> <span class='ocrx_word' id='word_1_216' title='bbox 362 2609 418 2645; x_wconf 87' lang='lat' dir='ltr'><strong>rem</strong></span> <span class='ocrx_word' id='word_1_217' title='bbox 434 2593 565 2645; x_wconf 90' lang='lat' dir='ltr'><strong>dominnm</strong></span> <span class='ocrx_word' id='word_1_218' title='bbox 584 2593 737 2645; x_wconf 86' lang='lat' dir='ltr'><strong>babituram.</strong></span> <span class='ocrx_word' id='word_1_219' title='bbox 748 2593 755 2668; x_wconf 95' lang='grc' dir='ltr'><strong>Ι</strong></span> <span class='ocrx_word' id='word_1_220' title='bbox 767 2594 846 2661; x_wconf 73' lang='lat' dir='ltr'><strong>igitur</strong></span> <span class='ocrx_word' id='word_1_221' title='bbox 864 2593 978 2645; x_wconf 82' lang='lat' dir='ltr'><strong>etsinsn</strong></span> 
     </span>
     <span class='ocr_line' id='line_1_27' title="bbox 22 2676 976 2750; baseline 0.004 -22"><span class='ocrx_word' id='word_1_222' title='bbox 22 2677 97 2736; x_wconf 68' lang='lat'><strong>221.</strong></span> <span class='ocrx_word' id='word_1_223' title='bbox 107 2676 198 2729; x_wconf 72' lang='lat' dir='ltr'><strong>edat⁸⁸</strong></span> <span class='ocrx_word' id='word_1_224' title='bbox 214 2678 361 2730; x_wconf 86' lang='lat' dir='ltr'><strong>mandatum</strong></span> <span class='ocrx_word' id='word_1_225' title='bbox 379 2688 533 2745; x_wconf 71' lang='lat' dir='ltr'><strong>promuntur</strong></span> <span class='ocrx_word' id='word_1_226' title='bbox 547 2680 687 2750; x_wconf 75' lang='lat' dir='ltr'><strong>····*⁵⁶ll</strong></span> <span class='ocrx_word' id='word_1_227' title='bbox 694 2682 755 2748; x_wconf 87' lang='lat' dir='ltr'><strong>qnia</strong></span> <span class='ocrx_word' id='word_1_228' title='bbox 772 2695 851 2748; x_wconf 86' lang='lat' dir='ltr'><strong>saepe</strong></span> <span class='ocrx_word' id='word_1_229' title='bbox 868 2678 976 2733; x_wconf 87' lang='lat' dir='ltr'><strong>manda-</strong></span> 
     </span>
     <span class='ocr_line' id='line_1_28' title="bbox 22 2751 976 2843; baseline 0.005 -28"><span class='ocrx_word' id='word_1_230' title='bbox 22 2751 85 2824; x_wconf 72' lang='lat'><strong>89²0</strong></span> <span class='ocrx_word' id='word_1_231' title='bbox 107 2772 161 2815; x_wconf 87' lang='lat' dir='ltr'><strong>turn</strong></span> <span class='ocrx_word' id='word_1_232' title='bbox 179 2764 253 2815; x_wconf 90' lang='lat' dir='ltr'><strong>initio</strong></span> <span class='ocrx_word' id='word_1_233' title='bbox 272 2763 325 2818; x_wconf 91' lang='lat' dir='ltr'><strong>litis</strong></span> <span class='ocrx_word' id='word_1_234' title='bbox 344 2766 370 2816; x_wconf 93' lang='lat' dir='ltr'><strong>in</strong></span> <span class='ocrx_word' id='word_1_235' title='bbox 389 2765 500 2817; x_wconf 89' lang='lat' dir='ltr'><strong>obscuro</strong></span> <span class='ocrx_word' id='word_1_236' title='bbox 519 2773 576 2832; x_wconf 87' lang='lat' dir='ltr'><strong>cst,</strong></span> <span class='ocrx_word' id='word_1_237' title='bbox 602 2775 629 2818; x_wconf 88' lang='lat' dir='ltr'><strong>et</strong></span> <span class='ocrx_word' id='word_1_238' title='bbox 646 2768 752 2843; x_wconf 69' lang='lat' dir='ltr'><strong>postelis</strong></span> <span class='ocrx_word' id='word_1_239' title='bbox 775 2775 839 2835; x_wconf 85' lang='lat' dir='ltr'><strong>aput</strong></span> <span class='ocrx_word' id='word_1_240' title='bbox 864 2767 976 2820; x_wconf 87' lang='lat' dir='ltr'><strong>indicem</strong></span> 
     </span>
     <span class='ocr_line' id='line_1_29' title="bbox 108 2849 977 2925; baseline 0.003 -23"><span class='ocrx_word' id='word_1_241' title='bbox 108 2849 281 2920; x_wconf 67' lang='lat' dir='ltr'><strong>ostenduam!</strong></span> <span class='ocrx_word' id='word_1_242' title='bbox 349 2853 371 2925; x_wconf 93' lang='grc' dir='ltr'><strong>Ι.</strong></span> <span class='ocrx_word' id='word_1_243' title='bbox 389 2851 433 2905; x_wconf 89' lang='grc'><strong>85.</strong></span> <span class='ocrx_word' id='word_1_244' title='bbox 462 2853 570 2905; x_wconf 79' lang='lat' dir='ltr'><strong>Tutores</strong></span> <span class='ocrx_word' id='word_1_245' title='bbox 591 2862 675 2906; x_wconf 85' lang='lat' dir='ltr'><strong>eutem</strong></span> <span class='ocrx_word' id='word_1_246' title='bbox 694 2863 721 2906; x_wconf 92' lang='lat' dir='ltr'><strong>et</strong></span> <span class='ocrx_word' id='word_1_247' title='bbox 740 2863 869 2906; x_wconf 89' lang='lat' dir='ltr'><strong>curatores</strong></span> <span class='ocrx_word' id='word_1_248' title='bbox 883 2870 977 2923; x_wconf 90' lang='lat' dir='ltr'><strong>qnem-</strong></span> 
     </span>
     <span class='ocr_line' id='line_1_30' title="bbox 108 2936 974 3014; baseline 0.008 -28"><span class='ocrx_word' id='word_1_249' title='bbox 108 2936 243 2988; x_wconf 87' lang='lat' dir='ltr'><strong>admodum</strong></span> <span class='ocrx_word' id='word_1_250' title='bbox 259 2939 454 3003; x_wconf 87' lang='lat' dir='ltr'><strong>constituantur,</strong></span> <span class='ocrx_word' id='word_1_251' title='bbox 466 2939 472 3012; x_wconf 90' lang='grc' dir='ltr'><strong>Ι</strong></span> <span class='ocrx_word' id='word_1_252' title='bbox 483 2942 566 3006; x_wconf 90' lang='lat' dir='ltr'><strong>primo</strong></span> <span class='ocrx_word' id='word_1_253' title='bbox 584 2944 766 2992; x_wconf 87' lang='lat' dir='ltr'><strong>commentario</strong></span> <span class='ocrx_word' id='word_1_254' title='bbox 776 2944 799 2978; x_wconf 78' lang='lat'><strong>⁵⁶</strong></span> <span class='ocrx_word' id='word_1_255' title='bbox 809 2941 974 3014; x_wconf 64' lang='lat' dir='ltr'><strong>rettulimus}</strong></span> 
     </span>
     <span class='ocr_line' id='line_1_31' title="bbox 80 3023 976 3097; baseline 0.002 -20"><span class='ocrx_word' id='word_1_256' title='bbox 80 3023 129 3096; x_wconf 81' lang='grc' dir='ltr'><strong>5Ι.</strong></span> <span class='ocrx_word' id='word_1_257' title='bbox 155 3023 198 3074; x_wconf 85' lang='grc'>86.</span> <span class='ocrx_word' id='word_1_258' title='bbox 235 3024 283 3087; x_wconf 80' lang='lat' dir='ltr'><strong>Qut</strong></span> <span class='ocrx_word' id='word_1_259' title='bbox 301 3032 386 3076; x_wconf 88' lang='lat' dir='ltr'><strong>autem</strong></span> <span class='ocrx_word' id='word_1_260' title='bbox 406 3027 492 3078; x_wconf 85' lang='lat' dir='ltr'><strong>alicua</strong></span> <span class='ocrx_word' id='word_1_261' title='bbox 510 3029 614 3079; x_wconf 90' lang='lat' dir='ltr'><strong>nomine</strong></span> <span class='ocrx_word' id='word_1_262' title='bbox 632 3030 704 3095; x_wconf 78' lang='lat' dir='ltr'><strong>agit,</strong></span> <span class='ocrx_word' id='word_1_263' title='bbox 726 3031 896 3080; x_wconf 87' lang='lat' dir='ltr'><strong>intentionem</strong></span> <span class='ocrx_word' id='word_1_264' title='bbox 916 3030 976 3097; x_wconf 89' lang='lat' dir='ltr'><strong>qui-</strong></span> 
     </span>
     <span class='ocr_line' id='line_1_32' title="bbox 108 3108 976 3187; baseline 0.008 -27"><span class='ocrx_word' id='word_1_265' title='bbox 108 3108 166 3161; x_wconf 85' lang='lat' dir='ltr'><strong>deut</strong></span> <span class='ocrx_word' id='word_1_266' title='bbox 184 3124 217 3161; x_wconf 81' lang='lat' dir='ltr'><strong>ex</strong></span> <span class='ocrx_word' id='word_1_267' title='bbox 234 3126 346 3177; x_wconf 87' lang='lat' dir='ltr'><strong>persona</strong></span> <span class='ocrx_word' id='word_1_268' title='bbox 366 3112 474 3187; x_wconf 72' lang='lat' dir='ltr'><strong>domilni</strong></span> <span class='ocrx_word' id='word_1_269' title='bbox 501 3117 595 3179; x_wconf 91' lang='lat' dir='ltr'><strong>sumit,</strong></span> <span class='ocrx_word' id='word_1_270' title='bbox 628 3115 867 3167; x_wconf 78' lang='lat' dir='ltr'><strong>condemnationem</strong></span> <span class='ocrx_word' id='word_1_271' title='bbox 891 3124 976 3167; x_wconf 87' lang='lat' dir='ltr'><strong>autern</strong></span> 
     </span>
     <span class='ocr_line' id='line_1_33' title="bbox 106 3196 978 3273; baseline 0.009 -26"><span class='ocrx_word' id='word_1_272' title='bbox 106 3196 135 3247; x_wconf 89' lang='lat' dir='ltr'><strong>in</strong></span> <span class='ocrx_word' id='word_1_273' title='bbox 151 3211 222 3247; x_wconf 83' lang='lat' dir='ltr'><strong>snam</strong></span> <span class='ocrx_word' id='word_1_274' title='bbox 242 3213 379 3264; x_wconf 89' lang='lat' dir='ltr'><strong>personam</strong></span> <span class='ocrx_word' id='word_1_275' title='bbox 399 3200 547 3273; x_wconf 69' lang='lat' dir='ltr'><strong>corrlvcrtit.</strong></span> <span class='ocrx_word' id='word_1_276' title='bbox 575 3216 636 3252; x_wconf 85' lang='lat' dir='ltr'><strong>nuru</strong></span> <span class='ocrx_word' id='word_1_277' title='bbox 654 3203 676 3252; x_wconf 90' lang='lat' dir='ltr'><strong>si</strong></span> <span class='ocrx_word' id='word_1_278' title='bbox 698 3201 771 3252; x_wconf 78' lang='lat' dir='ltr'><strong>verbi</strong></span> <span class='ocrx_word' id='word_1_279' title='bbox 790 3201 978 3270; x_wconf 78' lang='lat' dir='ltr'><strong>gratiaLueius</strong></span> 
     </span>
     <span class='ocr_line' id='line_1_34' title="bbox 108 3270 977 3361; baseline 0.008 -27"><span class='ocrx_word' id='word_1_280' title='bbox 108 3281 186 3334; x_wconf 85' lang='lat' dir='ltr'><strong>Titius</strong></span> <span class='ocrx_word' id='word_1_281' title='bbox 207 3291 280 3353; x_wconf 79' lang='lat' dir='ltr'><strong>(pre)</strong></span> <span class='ocrx_word' id='word_1_282' title='bbox 300 3286 390 3337; x_wconf 86' lang='lat' dir='ltr'><strong>l&#39;ublio</strong></span> <span class='ocrx_word' id='word_1_283' title='bbox 409 3287 511 3338; x_wconf 77' lang='lat' dir='ltr'><strong>liaevio</strong></span> <span class='ocrx_word' id='word_1_284' title='bbox 529 3270 599 3355; x_wconf 59' lang='lat' dir='ltr'><strong>aqut,</strong></span> <span class='ocrx_word' id='word_1_285' title='bbox 621 3289 667 3361; x_wconf 70' lang='lat' dir='ltr'><strong>ital</strong></span> <span class='ocrx_word' id='word_1_286' title='bbox 688 3288 798 3340; x_wconf 83' lang='lat' dir='ltr'><strong>formula</strong></span> <span class='ocrx_word' id='word_1_287' title='bbox 818 3291 977 3357; x_wconf 87' lang='lat' dir='ltr'><strong>concipitur:</strong></span> 
     </span>
     <span class='ocr_line' id='line_1_35' title="bbox 108 3384 977 3429; baseline 0.008 -7"><span class='ocrx_word' id='word_1_288' title='bbox 108 3384 134 3423; x_wconf 86' lang='lat' dir='ltr'><strong>st</strong></span> <span class='ocrx_word' id='word_1_289' title='bbox 154 3385 239 3422; x_wconf 75' lang='lat' dir='ltr'><strong>asnar</strong></span> <span class='ocrx_word' id='word_1_290' title='bbox 257 3387 396 3425; x_wconf 80' lang='lat' dir='ltr'><strong>uouemus</strong></span> <span class='ocrx_word' id='word_1_291' title='bbox 415 3390 545 3426; x_wconf 78' lang='lat' dir='ltr'><strong>uenturus</strong></span> <span class='ocrx_word' id='word_1_292' title='bbox 570 3391 667 3427; x_wconf 80' lang='lat' dir='ltr'><strong>euntia</strong></span> <span class='ocrx_word' id='word_1_293' title='bbox 690 3393 791 3428; x_wconf 81' lang='lat' dir='ltr'><strong>nssrro</strong></span> <span class='ocrx_word' id='word_1_294' title='bbox 819 3392 977 3429; x_wconf 80' lang='lat' dir='ltr'><strong>sssrsarrun</strong></span> 
     </span>
     <span class='ocr_line' id='line_1_36' title="bbox 108 3470 977 3525; baseline 0.01 -17"><span class='ocrx_word' id='word_1_295' title='bbox 108 3470 127 3508; x_wconf 87' lang='lat' dir='ltr'>x</span> <span class='ocrx_word' id='word_1_296' title='bbox 142 3471 220 3510; x_wconf 80' lang='lat' dir='ltr'><strong>nram</strong></span> <span class='ocrx_word' id='word_1_297' title='bbox 239 3474 310 3510; x_wconf 76' lang='lat' dir='ltr'><strong>naus</strong></span> <span class='ocrx_word' id='word_1_298' title='bbox 327 3473 471 3525; x_wconf 85' lang='lat' dir='ltr'><strong>araarsns,</strong></span> <span class='ocrx_word' id='word_1_299' title='bbox 492 3478 574 3515; x_wconf 84' lang='lat' dir='ltr'><strong>runsx</strong></span> <span class='ocrx_word' id='word_1_300' title='bbox 593 3477 731 3515; x_wconf 75' lang='lat' dir='ltr'><strong>seusatus</strong></span> <span class='ocrx_word' id='word_1_301' title='bbox 750 3478 879 3517; x_wconf 79' lang='lat' dir='ltr'><strong>asaroton</strong></span> <span class='ocrx_word' id='word_1_302' title='bbox 898 3480 977 3517; x_wconf 85' lang='lat' dir='ltr'><strong>sucro</strong></span> 
     </span>
     <span class='ocr_line' id='line_1_37' title="bbox 110 3549 979 3616; baseline 0.009 -22"><span class='ocrx_word' id='word_1_303' title='bbox 110 3557 182 3594; x_wconf 85' lang='lat' dir='ltr'><strong>rtrto</strong></span> <span class='ocrx_word' id='word_1_304' title='bbox 200 3559 357 3597; x_wconf 79' lang='lat' dir='ltr'><strong>sssrsarrurr</strong></span> <span class='ocrx_word' id='word_1_305' title='bbox 374 3549 379 3616; x_wconf 92' lang='grc' dir='ltr'><strong>Ι</strong></span> <span class='ocrx_word' id='word_1_306' title='bbox 395 3563 412 3598; x_wconf 85' lang='lat' dir='ltr'>x</span> <span class='ocrx_word' id='word_1_307' title='bbox 432 3564 511 3601; x_wconf 78' lang='lat' dir='ltr'><strong>ursis</strong></span> <span class='ocrx_word' id='word_1_308' title='bbox 530 3565 688 3612; x_wconf 73' lang='lat' dir='ltr'><strong>counssnst</strong></span> <span class='ocrx_word' id='word_1_309' title='bbox 708 3566 731 3602; x_wconf 85' lang='lat' dir='ltr'><strong>ss</strong></span> <span class='ocrx_word' id='word_1_310' title='bbox 750 3566 803 3604; x_wconf 86' lang='lat' dir='ltr'><strong>nou</strong></span> <span class='ocrx_word' id='word_1_311' title='bbox 815 3567 909 3614; x_wconf 77' lang='lat' dir='ltr'><strong>asnar,</strong></span> <span class='ocrx_word' id='word_1_312' title='bbox 926 3566 979 3603; x_wconf 77' lang='lat' dir='ltr'><strong>sn-</strong></span> 
     </span>
     <span class='ocr_line' id='line_1_38' title="bbox 109 3630 980 3704; baseline 0.013 -24"><span class='ocrx_word' id='word_1_313' title='bbox 109 3642 200 3680; x_wconf 81' lang='lat' dir='ltr'><strong>sourr.</strong></span> <span class='ocrx_word' id='word_1_314' title='bbox 231 3630 258 3681; x_wconf 93' lang='lat' dir='ltr'><strong>in</strong></span> <span class='ocrx_word' id='word_1_315' title='bbox 276 3647 330 3682; x_wconf 89' lang='lat' dir='ltr'><strong>rem</strong></span> <span class='ocrx_word' id='word_1_316' title='bbox 350 3648 454 3700; x_wconf 90' lang='lat' dir='ltr'><strong>quoque</strong></span> <span class='ocrx_word' id='word_1_317' title='bbox 477 3636 498 3686; x_wconf 92' lang='lat' dir='ltr'><strong>si</strong></span> <span class='ocrx_word' id='word_1_318' title='bbox 526 3643 600 3704; x_wconf 81' lang='lat' dir='ltr'><strong>ngat,</strong></span> <span class='ocrx_word' id='word_1_319' title='bbox 625 3637 752 3702; x_wconf 83' lang='lat' dir='ltr'><strong>intendit,</strong></span> <span class='ocrx_word' id='word_1_320' title='bbox 777 3638 861 3690; x_wconf 87' lang='lat' dir='ltr'><strong>Publii</strong></span> <span class='ocrx_word' id='word_1_321' title='bbox 881 3639 980 3692; x_wconf 75' lang='lat' dir='ltr'><strong>Maeuii</strong></span> 
     </span>
     <span class='ocr_line' id='line_1_39' title="bbox 70 3713 977 3787; baseline 0.013 -22"><span class='ocrx_word' id='word_1_322' title='bbox 70 3722 163 3766; x_wconf 78' lang='lat' dir='ltr'><strong>torem</strong></span> <span class='ocrx_word' id='word_1_323' title='bbox 175 3713 181 3787; x_wconf 87' lang='grc' dir='ltr'>Ι</span> <span class='ocrx_word' id='word_1_324' title='bbox 193 3729 252 3767; x_wconf 89' lang='lat' dir='ltr'><strong>esse</strong></span> <span class='ocrx_word' id='word_1_325' title='bbox 273 3731 306 3768; x_wconf 85' lang='lat' dir='ltr'><strong>ex</strong></span> <span class='ocrx_word' id='word_1_326' title='bbox 324 3719 380 3771; x_wconf 87' lang='lat' dir='ltr'><strong>iure</strong></span> <span class='ocrx_word' id='word_1_327' title='bbox 394 3719 540 3786; x_wconf 86' lang='lat' dir='ltr'><strong>Quiritium,</strong></span> <span class='ocrx_word' id='word_1_328' title='bbox 562 3730 589 3773; x_wconf 86' lang='lat' dir='ltr'><strong>et</strong></span> <span class='ocrx_word' id='word_1_329' title='bbox 604 3722 844 3776; x_wconf 80' lang='lat' dir='ltr'><strong>condemnationem</strong></span> <span class='ocrx_word' id='word_1_330' title='bbox 862 3727 888 3776; x_wconf 89' lang='lat' dir='ltr'><strong>in</strong></span> <span class='ocrx_word' id='word_1_331' title='bbox 906 3742 977 3776; x_wconf 91' lang='lat' dir='ltr'><strong>suam</strong></span> 
     </span>
     <span class='ocr_line' id='line_1_40' title="bbox 109 3807 979 3881; baseline 0.015 -30"><span class='ocrx_word' id='word_1_332' title='bbox 109 3813 246 3866; x_wconf 84' lang='lat' dir='ltr'><strong>personam</strong></span> <span class='ocrx_word' id='word_1_333' title='bbox 262 3807 267 3866; x_wconf 89' lang='grc'>1</span> <span class='ocrx_word' id='word_1_334' title='bbox 284 3807 420 3858; x_wconf 82' lang='lat' dir='ltr'><strong>convertit.</strong></span> <span class='ocrx_word' id='word_1_335' title='bbox 437 3811 442 3875; x_wconf 87' lang='grc' dir='ltr'><strong>Ι</strong></span> <span class='ocrx_word' id='word_1_336' title='bbox 531 3808 553 3880; x_wconf 94' lang='grc' dir='ltr'><strong>Ι.</strong></span> <span class='ocrx_word' id='word_1_337' title='bbox 571 3807 614 3860; x_wconf 88' lang='grc'><strong>87.</strong></span> <span class='ocrx_word' id='word_1_338' title='bbox 650 3809 691 3862; x_wconf 81' lang='grc' dir='ltr'>ΑΙ)</span> <span class='ocrx_word' id='word_1_339' title='bbox 711 3811 852 3864; x_wconf 84' lang='lat' dir='ltr'><strong>adversarii</strong></span> <span class='ocrx_word' id='word_1_340' title='bbox 874 3827 979 3881; x_wconf 88' lang='lat' dir='ltr'><strong>quoqne</strong></span> 
     </span>
     <span class='ocr_line' id='line_1_41' title="bbox 110 3889 978 3973; baseline 0.016 -37"><span class='ocrx_word' id='word_1_341' title='bbox 110 3894 183 3952; x_wconf 81' lang='lat' dir='ltr'><strong>parte</strong></span> <span class='ocrx_word' id='word_1_342' title='bbox 201 3890 223 3938; x_wconf 91' lang='lat' dir='ltr'><strong>si</strong></span> <span class='ocrx_word' id='word_1_343' title='bbox 240 3889 397 3942; x_wconf 88' lang='lat' dir='ltr'><strong>interveniat</strong></span> <span class='ocrx_word' id='word_1_344' title='bbox 413 3892 524 3960; x_wconf 89' lang='lat' dir='ltr'><strong>aliquis,</strong></span> <span class='ocrx_word' id='word_1_345' title='bbox 551 3910 608 3946; x_wconf 86' lang='lat' dir='ltr'><strong>cum</strong></span> <span class='ocrx_word' id='word_1_346' title='bbox 627 3911 679 3963; x_wconf 92' lang='lat' dir='ltr'><strong>quo</strong></span> <span class='ocrx_word' id='word_1_347' title='bbox 706 3899 773 3948; x_wconf 89' lang='lat' dir='ltr'><strong>actio</strong></span> <span class='ocrx_word' id='word_1_348' title='bbox 792 3899 978 3973; x_wconf 71' lang='lat' dir='ltr'><strong>constiltuitur,</strong></span> 
     </span>
     <span class='ocr_line' id='line_1_42' title="bbox 109 3975 977 4059; baseline 0.013 -33"><span class='ocrx_word' id='word_1_349' title='bbox 109 3975 267 4041; x_wconf 86' lang='lat' dir='ltr'><strong>intenditur,</strong></span> <span class='ocrx_word' id='word_1_350' title='bbox 285 3977 415 4029; x_wconf 90' lang='lat' dir='ltr'><strong>dominum</strong></span> <span class='ocrx_word' id='word_1_351' title='bbox 434 3979 496 4030; x_wconf 88' lang='lat' dir='ltr'><strong>dare</strong></span> <span class='ocrx_word' id='word_1_352' title='bbox 514 3990 651 4047; x_wconf 87' lang='lat' dir='ltr'><strong>oportere;</strong></span> <span class='ocrx_word' id='word_1_353' title='bbox 679 3983 872 4059; x_wconf 71' lang='lat' dir='ltr'><strong>condemnatilo</strong></span> <span class='ocrx_word' id='word_1_354' title='bbox 892 3995 977 4037; x_wconf 89' lang='lat' dir='ltr'><strong>autern</strong></span> 
     </span>
     <span class='ocr_line' id='line_1_43' title="bbox 70 4052 978 4151; baseline 0.014 -38"><span class='ocrx_word' id='word_1_355' title='bbox 70 4052 138 4114; x_wconf 69' lang='lat' dir='ltr'><strong>siin</strong></span> <span class='ocrx_word' id='word_1_356' title='bbox 160 4063 216 4116; x_wconf 88' lang='lat' dir='ltr'><strong>eins</strong></span> <span class='ocrx_word' id='word_1_357' title='bbox 236 4077 373 4131; x_wconf 90' lang='lat' dir='ltr'><strong>personam</strong></span> <span class='ocrx_word' id='word_1_358' title='bbox 392 4068 559 4132; x_wconf 85' lang='lat' dir='ltr'><strong>convertitur,</strong></span> <span class='ocrx_word' id='word_1_359' title='bbox 577 4070 621 4137; x_wconf 90' lang='lat' dir='ltr'><strong>qui</strong></span> <span class='ocrx_word' id='word_1_360' title='bbox 639 4068 762 4122; x_wconf 90' lang='lat' dir='ltr'><strong>iudicium</strong></span> <span class='ocrx_word' id='word_1_361' title='bbox 776 4075 886 4140; x_wconf 89' lang='lat' dir='ltr'><strong>accepit.</strong></span> <span class='ocrx_word' id='word_1_362' title='bbox 903 4075 909 4151; x_wconf 93' lang='grc' dir='ltr'><strong>Ι</strong></span> <span class='ocrx_word' id='word_1_363' title='bbox 931 4075 978 4127; x_wconf 88' lang='lat' dir='ltr'><strong>sed</strong></span> 
     </span>
    </p>
   </div>
   <div class='ocr_carea' id='block_1_3' title="bbox 110 4354 981 5415">
    <p class='ocr_par' dir='ltr' id='par_1_3' title="bbox 110 4354 981 5415">
     <span class='ocr_line' id='line_1_44' title="bbox 187 4354 981 4435; baseline 0.014 -27"><span class='ocrx_word' id='word_1_364' title='bbox 187 4354 252 4426; x_wconf 71' lang='lat'><strong>144)</strong></span> <span class='ocrx_word' id='word_1_365' title='bbox 273 4356 399 4427; x_wconf 79' lang='lat' dir='ltr'><strong>[llnscblt.</strong></span> <span class='ocrx_word' id='word_1_366' title='bbox 418 4365 445 4409; x_wconf 89' lang='lat' dir='ltr'><strong>et</strong></span> <span class='ocrx_word' id='word_1_367' title='bbox 464 4357 557 4409; x_wconf 82' lang='lat' dir='ltr'><strong>llellw.</strong></span> <span class='ocrx_word' id='word_1_368' title='bbox 577 4361 715 4426; x_wconf 66' lang='lat' dir='ltr'><strong>quamuis,</strong></span> <span class='ocrx_word' id='word_1_369' title='bbox 746 4372 774 4414; x_wconf 93' lang='lat' dir='ltr'><strong>ut</strong></span> <span class='ocrx_word' id='word_1_370' title='bbox 796 4364 885 4430; x_wconf 74' lang='lat' dir='ltr'><strong>su‘pra</strong></span> <span class='ocrx_word' id='word_1_371' title='bbox 913 4382 981 4435; x_wconf 91' lang='lat' dir='ltr'><strong>quo-</strong></span> 
     </span>
     <span class='ocr_line' id='line_1_45' title="bbox 113 4426 979 4501; baseline 0.014 -24"><span class='ocrx_word' id='word_1_372' title='bbox 113 4437 166 4494; x_wconf 76' lang='lat' dir='ltr'><strong>quo</strong></span> <span class='ocrx_word' id='word_1_373' title='bbox 188 4426 317 4490; x_wconf 85' lang='lat' dir='ltr'><strong>diximus,</strong></span> <span class='ocrx_word' id='word_1_374' title='bbox 345 4444 389 4479; x_wconf 89' lang='lat' dir='ltr'><strong>rco</strong></span> <span class='ocrx_word' id='word_1_375' title='bbox 417 4446 469 4479; x_wconf 84' lang='lat' dir='ltr'><strong>nors</strong></span> <span class='ocrx_word' id='word_1_376' title='bbox 498 4433 651 4497; x_wconf 82' lang='lat' dir='ltr'><strong>permissum</strong></span> <span class='ocrx_word' id='word_1_377' title='bbox 683 4432 730 4482; x_wconf 86' lang='lat' dir='ltr'><strong>luit</strong></span> <span class='ocrx_word' id='word_1_378' title='bbox 759 4437 869 4501; x_wconf 88' lang='lat' dir='ltr'><strong>(rectius</strong></span> <span class='ocrx_word' id='word_1_379' title='bbox 898 4436 979 4489; x_wconf 79' lang='lat' dir='ltr'><strong>Beck.</strong></span> 
     </span>
     <span class='ocr_line' id='line_1_46' title="bbox 111 4496 980 4575; baseline 0.013 -28"><span class='ocrx_word' id='word_1_380' title='bbox 111 4496 203 4563; x_wconf 76' lang='lat' dir='ltr'><strong>puerit)</strong></span> <span class='ocrx_word' id='word_1_381' title='bbox 222 4497 368 4549; x_wconf 81' lang='lat' dir='ltr'><strong>demortuos</strong></span> <span class='ocrx_word' id='word_1_382' title='bbox 389 4499 446 4566; x_wconf 78' lang='lat' dir='ltr'><strong>(rel</strong></span> <span class='ocrx_word' id='word_1_383' title='bbox 462 4509 601 4561; x_wconf 71' lang='lat' dir='ltr'><strong>emansor:</strong></span> <span class='ocrx_word' id='word_1_384' title='bbox 635 4503 713 4552; x_wconf 88' lang='lat' dir='ltr'><strong>nolim</strong></span> <span class='ocrx_word' id='word_1_385' title='bbox 736 4511 760 4553; x_wconf 90' lang='lat' dir='ltr'><strong>et</strong></span> <span class='ocrx_word' id='word_1_386' title='bbox 786 4513 911 4575; x_wconf 84' lang='lat' dir='ltr'><strong>mortuas)</strong></span> <span class='ocrx_word' id='word_1_387' title='bbox 930 4507 980 4558; x_wconf 90' lang='lat' dir='ltr'><strong>bo-</strong></span> 
     </span>
     <span class='ocr_line' id='line_1_47' title="bbox 111 4567 980 4636; baseline 0.014 -20"><span class='ocrx_word' id='word_1_388' title='bbox 111 4568 194 4618; x_wconf 83' lang='lat' dir='ltr'><strong>mines</strong></span> <span class='ocrx_word' id='word_1_389' title='bbox 214 4567 311 4621; x_wconf 86' lang='lat' dir='ltr'><strong>dedere</strong></span> <span class='ocrx_word' id='word_1_390' title='bbox 357 4569 407 4623; x_wconf 85' lang='lat' dir='ltr'><strong>Sed</strong></span> <span class='ocrx_word' id='word_1_391' title='bbox 432 4571 458 4620; x_wconf 91' lang='lat' dir='ltr'><strong>in</strong></span> <span class='ocrx_word' id='word_1_392' title='bbox 482 4570 521 4621; x_wconf 80' lang='lat' dir='ltr'><strong>lais</strong></span> <span class='ocrx_word' id='word_1_393' title='bbox 540 4572 666 4636; x_wconf 84' lang='lat' dir='ltr'><strong>particula</strong></span> <span class='ocrx_word' id='word_1_394' title='bbox 687 4590 739 4623; x_wconf 80' lang='lat' dir='ltr'><strong>rien</strong></span> <span class='ocrx_word' id='word_1_395' title='bbox 760 4574 843 4624; x_wconf 79' lang='lat' dir='ltr'><strong>loctrm</strong></span> <span class='ocrx_word' id='word_1_396' title='bbox 866 4576 980 4629; x_wconf 88' lang='lat' dir='ltr'><strong>alienum</strong></span> 
     </span>
     <span class='ocr_line' id='line_1_48' title="bbox 113 4639 979 4710; baseline 0.015 -24"><span class='ocrx_word' id='word_1_397' title='bbox 113 4643 246 4710; x_wconf 80' lang='lat' dir='ltr'><strong>occupat]</strong></span> <span class='ocrx_word' id='word_1_398' title='bbox 376 4639 425 4705; x_wconf 76' lang='grc'><strong>45)</strong></span> <span class='ocrx_word' id='word_1_399' title='bbox 446 4640 599 4707; x_wconf 86' lang='lat' dir='ltr'><strong>[Videndum</strong></span> <span class='ocrx_word' id='word_1_400' title='bbox 621 4656 654 4692; x_wconf 92' lang='lat' dir='ltr'><strong>an</strong></span> <span class='ocrx_word' id='word_1_401' title='bbox 676 4643 753 4694; x_wconf 88' lang='lat' dir='ltr'><strong>scribi</strong></span> <span class='ocrx_word' id='word_1_402' title='bbox 775 4646 875 4710; x_wconf 84' lang='lat' dir='ltr'><strong>possit:</strong></span> <span class='ocrx_word' id='word_1_403' title='bbox 894 4655 979 4699; x_wconf 87' lang='lat' dir='ltr'><strong>tamen</strong></span> 
     </span>
     <span class='ocr_line' id='line_1_49' title="bbox 113 4707 976 4784; baseline 0.014 -28"><span class='ocrx_word' id='word_1_404' title='bbox 113 4707 193 4759; x_wconf 79' lang='lat' dir='ltr'><strong>etiem</strong></span> <span class='ocrx_word' id='word_1_405' title='bbox 211 4709 309 4777; x_wconf 90' lang='lat' dir='ltr'><strong>siquis</strong></span> <span class='ocrx_word' id='word_1_406' title='bbox 329 4711 413 4761; x_wconf 79' lang='lat' dir='ltr'><strong>eitum</strong></span> <span class='ocrx_word' id='word_1_407' title='bbox 431 4709 532 4763; x_wconf 87' lang='lat' dir='ltr'><strong>dederit</strong></span> <span class='ocrx_word' id='word_1_408' title='bbox 551 4714 637 4780; x_wconf 83' lang='lat' dir='ltr'><strong>isque]</strong></span> <span class='ocrx_word' id='word_1_409' title='bbox 763 4715 812 4784; x_wconf 79' lang='lat' dir='ltr'><strong>to)</strong></span> <span class='ocrx_word' id='word_1_410' title='bbox 832 4715 888 4765; x_wconf 86' lang='lat' dir='ltr'><strong>Vid.</strong></span> <span class='ocrx_word' id='word_1_411' title='bbox 907 4734 944 4782; x_wconf 88' lang='lat' dir='ltr'><strong>pr.</strong></span> <span class='ocrx_word' id='word_1_412' title='bbox 956 4718 976 4768; x_wconf 92' lang='lat' dir='ltr'><strong>l.</strong></span> 
     </span>
     <span class='ocr_line' id='line_1_50' title="bbox 112 4776 976 4854; baseline 0.012 -27"><span class='ocrx_word' id='word_1_413' title='bbox 112 4776 206 4829; x_wconf 86' lang='lat' dir='ltr'><strong>debis</strong></span> <span class='ocrx_word' id='word_1_414' title='bbox 226 4794 253 4846; x_wconf 88' lang='lat' dir='ltr'><strong>p.</strong></span> <span class='ocrx_word' id='word_1_415' title='bbox 272 4795 297 4847; x_wconf 89' lang='lat' dir='ltr'><strong>q.</strong></span> <span class='ocrx_word' id='word_1_416' title='bbox 317 4794 396 4846; x_wconf 84' lang='lat' dir='ltr'><strong>agere</strong></span> <span class='ocrx_word' id='word_1_417' title='bbox 417 4792 486 4846; x_wconf 76' lang='lat' dir='ltr'><strong>poss:</strong></span> <span class='ocrx_word' id='word_1_418' title='bbox 586 4783 635 4851; x_wconf 81' lang='lat' dir='ltr'><strong>tt)</strong></span> <span class='ocrx_word' id='word_1_419' title='bbox 653 4781 692 4833; x_wconf 82' lang='lat' dir='ltr'><strong>Es</strong></span> <span class='ocrx_word' id='word_1_420' title='bbox 712 4781 773 4834; x_wconf 88' lang='lat' dir='ltr'><strong>lnst.</strong></span> <span class='ocrx_word' id='word_1_421' title='bbox 795 4793 976 4854; x_wconf 78' lang='lat' dir='ltr'><strong>praeterquam</strong></span> 
     </span>
     <span class='ocr_line' id='line_1_51' title="bbox 111 4848 976 4919; baseline 0.008 -19"><span class='ocrx_word' id='word_1_422' title='bbox 111 4848 182 4916; x_wconf 79' lang='lat' dir='ltr'><strong>qnod</strong></span> <span class='ocrx_word' id='word_1_423' title='bbox 200 4848 237 4900; x_wconf 89' lang='lat' dir='ltr'><strong>ibi</strong></span> <span class='ocrx_word' id='word_1_424' title='bbox 254 4858 307 4900; x_wconf 85' lang='lat' dir='ltr'><strong>est:</strong></span> <span class='ocrx_word' id='word_1_425' title='bbox 328 4850 470 4916; x_wconf 84' lang='lat' dir='ltr'><strong>quemlibet</strong></span> <span class='ocrx_word' id='word_1_426' title='bbox 488 4849 621 4903; x_wconf 76' lang='lat' dir='ltr'><strong>inminens.</strong></span> <span class='ocrx_word' id='word_1_427' title='bbox 657 4851 715 4918; x_wconf 80' lang='lat' dir='ltr'><strong>Ego</strong></span> <span class='ocrx_word' id='word_1_428' title='bbox 732 4869 823 4905; x_wconf 86' lang='lat' dir='ltr'><strong>vocem</strong></span> <span class='ocrx_word' id='word_1_429' title='bbox 841 4855 976 4919; x_wconf 82' lang='lat' dir='ltr'><strong>bominem,</strong></span> 
     </span>
     <span class='ocr_line' id='line_1_52' title="bbox 111 4924 979 4993; baseline 0.01 -24"><span class='ocrx_word' id='word_1_430' title='bbox 111 4930 164 4986; x_wconf 80' lang='lat' dir='ltr'><strong>qus</strong></span> <span class='ocrx_word' id='word_1_431' title='bbox 181 4933 245 4970; x_wconf 90' lang='lat' dir='ltr'><strong>sane</strong></span> <span class='ocrx_word' id='word_1_432' title='bbox 263 4934 352 4970; x_wconf 87' lang='lat' dir='ltr'><strong>carere</strong></span> <span class='ocrx_word' id='word_1_433' title='bbox 371 4935 515 4986; x_wconf 87' lang='lat' dir='ltr'><strong>possumus,</strong></span> <span class='ocrx_word' id='word_1_434' title='bbox 534 4925 618 4986; x_wconf 80' lang='lat' dir='ltr'><strong>omisi,</strong></span> <span class='ocrx_word' id='word_1_435' title='bbox 636 4937 694 4973; x_wconf 88' lang='lat' dir='ltr'><strong>curn</strong></span> <span class='ocrx_word' id='word_1_436' title='bbox 714 4925 758 4974; x_wconf 86' lang='lat' dir='ltr'><strong>vix</strong></span> <span class='ocrx_word' id='word_1_437' title='bbox 778 4924 878 4992; x_wconf 84' lang='lat' dir='ltr'><strong>reliqua</strong></span> <span class='ocrx_word' id='word_1_438' title='bbox 893 4929 979 4993; x_wconf 89' lang='lat' dir='ltr'><strong>capiat</strong></span> 
     </span>
     <span class='ocr_line' id='line_1_53' title="bbox 110 4990 979 5064; baseline 0.012 -26"><span class='ocrx_word' id='word_1_439' title='bbox 110 4990 190 5039; x_wconf 85' lang='lat' dir='ltr'><strong>nnius</strong></span> <span class='ocrx_word' id='word_1_440' title='bbox 213 5004 305 5041; x_wconf 84' lang='lat' dir='ltr'><strong>versus</strong></span> <span class='ocrx_word' id='word_1_441' title='bbox 329 4993 448 5058; x_wconf 89' lang='lat' dir='ltr'><strong>spatium.</strong></span> <span class='ocrx_word' id='word_1_442' title='bbox 500 4992 601 5060; x_wconf 87' lang='lat' dir='ltr'><strong>[Gaium</strong></span> <span class='ocrx_word' id='word_1_443' title='bbox 627 4994 764 5058; x_wconf 81' lang='lat' dir='ltr'><strong>scripsisse</strong></span> <span class='ocrx_word' id='word_1_444' title='bbox 794 5006 869 5060; x_wconf 86' lang='lat' dir='ltr'><strong>puto:</strong></span> <span class='ocrx_word' id='word_1_445' title='bbox 899 5013 979 5064; x_wconf 83' lang='lat' dir='ltr'><strong>agere</strong></span> 
     </span>
     <span class='ocr_line' id='line_1_54' title="bbox 111 5056 976 5131; baseline 0.012 -22"><span class='ocrx_word' id='word_1_446' title='bbox 111 5056 192 5109; x_wconf 78' lang='lat' dir='ltr'><strong>lisere</strong></span> <span class='ocrx_word' id='word_1_447' title='bbox 210 5065 264 5129; x_wconf 83' lang='lat' dir='ltr'><strong>sut]</strong></span> <span class='ocrx_word' id='word_1_448' title='bbox 546 5063 595 5131; x_wconf 76' lang='grc'>48)</span> <span class='ocrx_word' id='word_1_449' title='bbox 617 5066 759 5131; x_wconf 72' lang='lat' dir='ltr'><strong>coquitorio</strong></span> <span class='ocrx_word' id='word_1_450' title='bbox 777 5065 849 5115; x_wconf 87' lang='lat' dir='ltr'><strong>deest</strong></span> <span class='ocrx_word' id='word_1_451' title='bbox 870 5067 896 5116; x_wconf 90' lang='lat' dir='ltr'><strong>in</strong></span> <span class='ocrx_word' id='word_1_452' title='bbox 915 5068 976 5119; x_wconf 81' lang='lat' dir='ltr'><strong>lust.</strong></span> 
     </span>
     <span class='ocr_line' id='line_1_55' title="bbox 110 5127 976 5207; baseline 0.01 -28"><span class='ocrx_word' id='word_1_453' title='bbox 110 5127 160 5192; x_wconf 77' lang='grc'>49)</span> <span class='ocrx_word' id='word_1_454' title='bbox 179 5128 236 5199; x_wconf 75' lang='lat' dir='ltr'><strong>{quo</strong></span> <span class='ocrx_word' id='word_1_455' title='bbox 255 5136 305 5180; x_wconf 89' lang='lat' dir='ltr'><strong>stc.</strong></span> <span class='ocrx_word' id='word_1_456' title='bbox 331 5127 413 5184; x_wconf 81' lang='lat' dir='ltr'><strong>Eds.</strong></span> <span class='ocrx_word' id='word_1_457' title='bbox 434 5131 554 5198; x_wconf 77' lang='lat' dir='ltr'><strong>quamdiu</strong></span> <span class='ocrx_word' id='word_1_458' title='bbox 570 5160 649 5184; x_wconf 68' lang='lat' dir='ltr'><strong>m...</strong></span> <span class='ocrx_word' id='word_1_459' title='bbox 670 5133 736 5200; x_wconf 80' lang='lat' dir='ltr'><strong>legis</strong></span> <span class='ocrx_word' id='word_1_460' title='bbox 754 5137 879 5207; x_wconf 66' lang='lat' dir='ltr'><strong>actiones}</strong></span> <span class='ocrx_word' id='word_1_461' title='bbox 906 5137 976 5188; x_wconf 86' lang='lat' dir='ltr'><strong>llaec</strong></span> 
     </span>
     <span class='ocr_line' id='line_1_56' title="bbox 110 5196 975 5290; baseline 0.012 -41"><span class='ocrx_word' id='word_1_462' title='bbox 110 5196 206 5249; x_wconf 83' lang='lat' dir='ltr'><strong>desunt</strong></span> <span class='ocrx_word' id='word_1_463' title='bbox 230 5199 336 5250; x_wconf 78' lang='lat' dir='ltr'><strong>inlust</strong></span> <span class='ocrx_word' id='word_1_464' title='bbox 534 5201 582 5269; x_wconf 89' lang='grc'>59)</span> <span class='ocrx_word' id='word_1_465' title='bbox 602 5202 675 5273; x_wconf 73' lang='lat' dir='ltr'><strong>[cos.</strong></span> <span class='ocrx_word' id='word_1_466' title='bbox 695 5213 721 5253; x_wconf 89' lang='lat' dir='ltr'><strong>et</strong></span> <span class='ocrx_word' id='word_1_467' title='bbox 739 5203 837 5254; x_wconf 74' lang='lat' dir='ltr'><strong>Eds:</strong></span> <span class='ocrx_word' id='word_1_468' title='bbox 857 5205 975 5290; x_wconf 77' lang='lat' dir='ltr'><strong>luissent}</strong></span> 
     </span>
     <span class='ocr_line' id='line_1_57' title="bbox 112 5266 975 5347; baseline 0.013 -29"><span class='ocrx_word' id='word_1_469' title='bbox 112 5266 159 5334; x_wconf 83' lang='grc'><strong>51)</strong></span> <span class='ocrx_word' id='word_1_470' title='bbox 177 5268 287 5341; x_wconf 66' lang='lat' dir='ltr'><strong>[Educ</strong></span> <span class='ocrx_word' id='word_1_471' title='bbox 307 5285 360 5320; x_wconf 91' lang='lat' dir='ltr'><strong>uon</strong></span> <span class='ocrx_word' id='word_1_472' title='bbox 377 5268 477 5332; x_wconf 87' lang='lat' dir='ltr'><strong>liceret,</strong></span> <span class='ocrx_word' id='word_1_473' title='bbox 494 5273 570 5337; x_wconf 68' lang='lat' dir='ltr'><strong>(nus)</strong></span> <span class='ocrx_word' id='word_1_474' title='bbox 582 5272 643 5347; x_wconf 78' lang='lat' dir='ltr'><strong>etc]</strong></span> <span class='ocrx_word' id='word_1_475' title='bbox 681 5273 742 5324; x_wconf 89' lang='lat' dir='ltr'><strong>lnst.</strong></span> <span class='ocrx_word' id='word_1_476' title='bbox 756 5290 805 5324; x_wconf 91' lang='lat' dir='ltr'><strong>nan</strong></span> <span class='ocrx_word' id='word_1_477' title='bbox 821 5293 905 5344; x_wconf 84' lang='lat' dir='ltr'><strong>posse,</strong></span> <span class='ocrx_word' id='word_1_478' title='bbox 925 5280 975 5329; x_wconf 87' lang='lat' dir='ltr'><strong>nist</strong></span> 
     </span>
     <span class='ocr_line' id='line_1_58' title="bbox 112 5339 975 5415; baseline 0.012 -27"><span class='ocrx_word' id='word_1_479' title='bbox 112 5350 138 5405; x_wconf 84' lang='lat' dir='ltr'><strong>p.</strong></span> <span class='ocrx_word' id='word_1_480' title='bbox 156 5352 198 5405; x_wconf 88' lang='lat' dir='ltr'><strong>p.,</strong></span> <span class='ocrx_word' id='word_1_481' title='bbox 247 5339 335 5403; x_wconf 81' lang='lat' dir='ltr'><strong>otiu,</strong></span> <span class='ocrx_word' id='word_1_482' title='bbox 355 5356 403 5409; x_wconf 85' lang='lat' dir='ltr'><strong>pro</strong></span> <span class='ocrx_word' id='word_1_483' title='bbox 422 5340 510 5391; x_wconf 80' lang='lat' dir='ltr'><strong>tutela.</strong></span> <span class='ocrx_word' id='word_1_484' title='bbox 672 5341 720 5413; x_wconf 83' lang='lat'><strong>52)</strong></span> <span class='ocrx_word' id='word_1_485' title='bbox 740 5342 780 5394; x_wconf 79' lang='lat' dir='ltr'><strong>Cf.</strong></span> <span class='ocrx_word' id='word_1_486' title='bbox 801 5346 821 5415; x_wconf 83' lang='lat'><strong>§.</strong></span> <span class='ocrx_word' id='word_1_487' title='bbox 839 5347 894 5398; x_wconf 86' lang='lat' dir='ltr'><strong>r.l.</strong></span> <span class='ocrx_word' id='word_1_488' title='bbox 914 5354 931 5397; x_wconf 92' lang='lat' dir='ltr'><strong>t.</strong></span> <span class='ocrx_word' id='word_1_489' title='bbox 952 5362 975 5398; x_wconf 88' lang='lat' dir='ltr'><strong>c.</strong></span> 
     </span>
    </p>
   </div>
   <div class='ocr_carea' id='block_1_4' title="bbox 112 5406 976 5547">
    <p class='ocr_par' dir='ltr' id='par_1_4' title="bbox 112 5406 976 5547">
     <span class='ocr_line' id='line_1_59' title="bbox 112 5406 976 5547; baseline 0.009 -86"><span class='ocrx_word' id='word_1_490' title='bbox 112 5406 209 5547; x_wconf 57' lang='lat' dir='ltr'><strong>{tdtlssc</strong></span> <span class='ocrx_word' id='word_1_491' title='bbox 230 5408 271 5461; x_wconf 89' lang='lat' dir='ltr'><strong>ed.</strong></span> <span class='ocrx_word' id='word_1_492' title='bbox 288 5412 364 5463; x_wconf 66' lang='lat' dir='ltr'><strong>*stadt</strong></span> <span class='ocrx_word' id='word_1_493' title='bbox 380 5409 489 5477; x_wconf 89' lang='lat' dir='ltr'><strong>[llollw.</strong></span> <span class='ocrx_word' id='word_1_494' title='bbox 507 5410 675 5463; x_wconf 78' lang='lat' dir='ltr'><strong>ntbstituitur.</strong></span> <span class='ocrx_word' id='word_1_495' title='bbox 719 5414 814 5465; x_wconf 85' lang='lat' dir='ltr'><strong>Verum</strong></span> <span class='ocrx_word' id='word_1_496' title='bbox 841 5424 904 5483; x_wconf 91' lang='lat' dir='ltr'><strong>puto</strong></span> <span class='ocrx_word' id='word_1_497' title='bbox 926 5418 976 5469; x_wconf 80' lang='lat' dir='ltr'><strong>da-</strong></span> 
     </span>
     <span class='ocr_line' id='line_1_60' title="bbox 123 5493 162 5527; baseline 0.051 -2"><span class='ocrx_word' id='word_1_498' title='bbox 123 5493 162 5527; x_wconf 86' lang='lat' dir='ltr'><strong>ur.</strong></span> 
     </span>
    </p>
   </div>
   <div class='ocr_carea' id='block_1_5' title="bbox 111 5545 346 5618">
    <p class='ocr_par' dir='ltr' id='par_1_5' title="bbox 111 5545 346 5618">
     <span class='ocr_line' id='line_1_61' title="bbox 111 5545 346 5618; baseline 0.004 -19"><span class='ocrx_word' id='word_1_499' title='bbox 111 5545 215 5618; x_wconf 65' lang='lat' dir='ltr'><strong>hbeat]</strong></span> <span class='ocrx_word' id='word_1_500' title='bbox 253 5548 346 5604; x_wconf 85' lang='lat' dir='ltr'><strong>Sched.</strong></span> 
     </span>
    </p>
   </div>
   <div class='ocr_carea' id='block_1_6' title="bbox 300 5479 975 5602">
    <p class='ocr_par' dir='ltr' id='par_1_6' title="bbox 300 5479 975 5602">
     <span class='ocr_line' id='line_1_62' title="bbox 300 5479 975 5602; baseline 0.013 -72"><span class='ocrx_word' id='word_1_501' title='bbox 300 5479 348 5540; x_wconf 74' lang='grc'><strong>51)</strong></span> <span class='ocrx_word' id='word_1_502' title='bbox 365 5480 435 5602; x_wconf 52' lang='lat' dir='ltr'><strong>gloc</strong></span> <span class='ocrx_word' id='word_1_503' title='bbox 456 5481 551 5531; x_wconf 86' lang='lat' dir='ltr'><strong>llollw.</strong></span> <span class='ocrx_word' id='word_1_504' title='bbox 571 5481 697 5547; x_wconf 80' lang='lat' dir='ltr'><strong>probarit.</strong></span> <span class='ocrx_word' id='word_1_505' title='bbox 734 5484 780 5535; x_wconf 87' lang='lat' dir='ltr'><strong>Ed.</strong></span> <span class='ocrx_word' id='word_1_506' title='bbox 791 5501 835 5535; x_wconf 68' lang='lat' dir='ltr'><strong>a:</strong></span> <span class='ocrx_word' id='word_1_507' title='bbox 856 5488 904 5537; x_wconf 88' lang='lat' dir='ltr'><strong>etsi</strong></span> <span class='ocrx_word' id='word_1_508' title='bbox 922 5503 975 5540; x_wconf 91' lang='lat' dir='ltr'><strong>non</strong></span> 
     </span>
    </p>
   </div>
   <div class='ocr_carea' id='block_1_7' title="bbox 387 5550 975 5629">
    <p class='ocr_par' dir='ltr' id='par_1_7' title="bbox 387 5550 975 5629">
     <span class='ocr_line' id='line_1_63' title="bbox 387 5550 975 5629; baseline 0.015 -29"><span class='ocrx_word' id='word_1_509' title='bbox 387 5550 403 5601; x_wconf 93' lang='lat' dir='ltr'><strong>l.</strong></span> <span class='ocrx_word' id='word_1_510' title='bbox 415 5551 542 5607; x_wconf 62' lang='lat' dir='ltr'><strong>ebnsedut</strong></span> <span class='ocrx_word' id='word_1_511' title='bbox 554 5551 595 5602; x_wconf 87' lang='lat' dir='ltr'><strong>vel</strong></span> <span class='ocrx_word' id='word_1_512' title='bbox 609 5561 742 5605; x_wconf 85' lang='lat' dir='ltr'><strong>etsnnueet</strong></span> <span class='ocrx_word' id='word_1_513' title='bbox 809 5556 855 5621; x_wconf 82' lang='grc'><strong>55)</strong></span> <span class='ocrx_word' id='word_1_514' title='bbox 877 5557 932 5629; x_wconf 76' lang='lat' dir='ltr'><strong>[Ed.</strong></span> <span class='ocrx_word' id='word_1_515' title='bbox 941 5574 975 5611; x_wconf 70' lang='lat' dir='ltr'><strong>aa</strong></span> 
     </span>
    </p>
   </div>
   <div class='ocr_carea' id='block_1_8' title="bbox 616 313 1381 396">
    <p class='ocr_par' dir='ltr' id='par_1_8' title="bbox 616 313 1381 396">
     <span class='ocr_line' id='line_1_64' title="bbox 616 313 1381 396; baseline -0.007 -7"><span class='ocrx_word' id='word_1_516' title='bbox 616 316 706 389; x_wconf 79' lang='lat' dir='ltr'><strong>Gttt</strong></span> <span class='ocrx_word' id='word_1_517' title='bbox 731 315 957 391; x_wconf 72' lang='lat' dir='ltr'><strong>coutitur.</strong></span> <span class='ocrx_word' id='word_1_518' title='bbox 996 313 1050 386; x_wconf 86' lang='lat' dir='ltr'><strong>lV.</strong></span> <span class='ocrx_word' id='word_1_519' title='bbox 1087 319 1136 396; x_wconf 77' lang='lat' dir='ltr'><strong>§i-</strong></span> <span class='ocrx_word' id='word_1_520' title='bbox 1165 320 1212 390; x_wconf 74' lang='lat'><strong>82</strong></span> <span class='ocrx_word' id='word_1_521' title='bbox 1324 321 1381 390; x_wconf 81' lang='grc'>97.</span> 
     </span>
    </p>
   </div>
   <div class='ocr_carea' id='block_1_9' title="bbox 1829 315 1896 386">
    <p class='ocr_par' dir='ltr' id='par_1_9' title="bbox 1829 315 1896 386">
     <span class='ocr_line' id='line_1_65' title="bbox 1829 315 1896 386; baseline -0.015 -2"><span class='ocrx_word' id='word_1_522' title='bbox 1829 315 1896 386; x_wconf 73' lang='grc'>196</span> 
     </span>
    </p>
   </div>
   <div class='ocr_carea' id='block_1_10' title="bbox 1025 509 1983 4146">
    <p class='ocr_par' dir='ltr' id='par_1_10' title="bbox 1027 509 1898 840">
     <span class='ocr_line' id='line_1_66' title="bbox 1027 509 1897 577; baseline 0 -18"><span class='ocrx_word' id='word_1_523' title='bbox 1027 525 1084 560; x_wconf 93' lang='lat' dir='ltr'><strong>cum</strong></span> <span class='ocrx_word' id='word_1_524' title='bbox 1103 512 1129 561; x_wconf 82' lang='lat' dir='ltr'><strong>iu</strong></span> <span class='ocrx_word' id='word_1_525' title='bbox 1148 525 1201 562; x_wconf 90' lang='lat' dir='ltr'><strong>rcm</strong></span> <span class='ocrx_word' id='word_1_526' title='bbox 1221 513 1323 577; x_wconf 73' lang='lat' dir='ltr'><strong>agitur,</strong></span> <span class='ocrx_word' id='word_1_527' title='bbox 1347 510 1412 561; x_wconf 84' lang='lat' dir='ltr'><strong>uilril</strong></span> <span class='ocrx_word' id='word_1_528' title='bbox 1435 512 1488 576; x_wconf 79' lang='lat' dir='ltr'><strong>(in)</strong></span> <span class='ocrx_word' id='word_1_529' title='bbox 1511 509 1656 560; x_wconf 82' lang='lat' dir='ltr'><strong>intentione</strong></span> <span class='ocrx_word' id='word_1_530' title='bbox 1678 509 1739 559; x_wconf 84' lang='lat' dir='ltr'><strong>iacit</strong></span> <span class='ocrx_word' id='word_1_531' title='bbox 1759 509 1814 558; x_wconf 85' lang='lat' dir='ltr'><strong>clus</strong></span> <span class='ocrx_word' id='word_1_532' title='bbox 1834 523 1897 574; x_wconf 85' lang='lat' dir='ltr'><strong>per-</strong></span> 
     </span>
     <span class='ocr_line' id='line_1_67' title="bbox 1027 595 1897 668; baseline -0.007 -19"><span class='ocrx_word' id='word_1_533' title='bbox 1027 612 1107 659; x_wconf 85' lang='lat' dir='ltr'><strong>sona,</strong></span> <span class='ocrx_word' id='word_1_534' title='bbox 1131 599 1136 668; x_wconf 94' lang='grc' dir='ltr'>Ι</span> <span class='ocrx_word' id='word_1_535' title='bbox 1161 615 1217 647; x_wconf 85' lang='lat' dir='ltr'><strong>rum</strong></span> <span class='ocrx_word' id='word_1_536' title='bbox 1237 615 1288 665; x_wconf 90' lang='lat' dir='ltr'><strong>quo</strong></span> <span class='ocrx_word' id='word_1_537' title='bbox 1308 600 1411 665; x_wconf 79' lang='lat' dir='ltr'><strong>agitur,</strong></span> <span class='ocrx_word' id='word_1_538' title='bbox 1437 599 1494 649; x_wconf 89' lang='lat' dir='ltr'><strong>sive</strong></span> <span class='ocrx_word' id='word_1_539' title='bbox 1512 613 1559 648; x_wconf 90' lang='lat' dir='ltr'><strong>suo</strong></span> <span class='ocrx_word' id='word_1_540' title='bbox 1579 599 1699 659; x_wconf 88' lang='lat' dir='ltr'><strong>norniuc,</strong></span> <span class='ocrx_word' id='word_1_541' title='bbox 1732 598 1790 647; x_wconf 81' lang='lat' dir='ltr'><strong>sire</strong></span> <span class='ocrx_word' id='word_1_542' title='bbox 1811 595 1897 645; x_wconf 82' lang='lat' dir='ltr'><strong>alieno</strong></span> 
     </span>
     <span class='ocr_line' id='line_1_68' title="bbox 1027 683 1898 755; baseline -0.002 -21"><span class='ocrx_word' id='word_1_543' title='bbox 1027 683 1121 751; x_wconf 84' lang='lat' dir='ltr'><strong>aliquis</strong></span> <span class='ocrx_word' id='word_1_544' title='bbox 1142 685 1148 755; x_wconf 97' lang='grc' dir='ltr'>Ι</span> <span class='ocrx_word' id='word_1_545' title='bbox 1167 685 1262 735; x_wconf 89' lang='lat' dir='ltr'><strong>iudicio</strong></span> <span class='ocrx_word' id='word_1_546' title='bbox 1281 686 1454 736; x_wconf 83' lang='lat' dir='ltr'><strong>interveniat:</strong></span> <span class='ocrx_word' id='word_1_547' title='bbox 1472 691 1569 736; x_wconf 91' lang='lat' dir='ltr'><strong>tantum</strong></span> <span class='ocrx_word' id='word_1_548' title='bbox 1588 685 1656 736; x_wconf 88' lang='lat' dir='ltr'><strong>enim</strong></span> <span class='ocrx_word' id='word_1_549' title='bbox 1676 684 1825 747; x_wconf 88' lang='lat' dir='ltr'><strong>intenditur,</strong></span> <span class='ocrx_word' id='word_1_550' title='bbox 1844 697 1898 733; x_wconf 83' lang='lat' dir='ltr'><strong>rem</strong></span> 
     </span>
     <span class='ocr_line' id='line_1_69' title="bbox 1027 773 1231 840; baseline 0.005 -18"><span class='ocrx_word' id='word_1_551' title='bbox 1027 773 1122 822; x_wconf 86' lang='lat' dir='ltr'><strong>actoris</strong></span> <span class='ocrx_word' id='word_1_552' title='bbox 1141 776 1231 840; x_wconf 74' lang='lat' dir='ltr'><strong>esso}</strong></span> 
     </span>
    </p>

    <p class='ocr_par' dir='ltr' id='par_1_11' title="bbox 1025 855 1983 4146">
     <span class='ocr_line' id='line_1_70' title="bbox 1096 855 1897 930; baseline -0.004 -22"><span class='ocrx_word' id='word_1_553' title='bbox 1096 859 1118 930; x_wconf 87' lang='grc' dir='ltr'><strong>Ι.</strong></span> <span class='ocrx_word' id='word_1_554' title='bbox 1136 857 1179 910; x_wconf 84' lang='grc'>88.</span> <span class='ocrx_word' id='word_1_555' title='bbox 1216 857 1354 910; x_wconf 84' lang='lat' dir='ltr'><strong>Videamus</strong></span> <span class='ocrx_word' id='word_1_556' title='bbox 1370 870 1448 922; x_wconf 90' lang='lat' dir='ltr'><strong>nunc,</strong></span> <span class='ocrx_word' id='word_1_557' title='bbox 1467 855 1561 925; x_wconf 88' lang='lat' dir='ltr'><strong>quibus</strong></span> <span class='ocrx_word' id='word_1_558' title='bbox 1581 869 1614 907; x_wconf 86' lang='lat' dir='ltr'><strong>ex</strong></span> <span class='ocrx_word' id='word_1_559' title='bbox 1632 856 1716 907; x_wconf 82' lang='lat' dir='ltr'><strong>causis</strong></span> <span class='ocrx_word' id='word_1_560' title='bbox 1727 855 1759 917; x_wconf 94' lang='lat' dir='ltr'><strong>is,</strong></span> <span class='ocrx_word' id='word_1_561' title='bbox 1778 868 1897 922; x_wconf 82' lang='lat' dir='ltr'><strong>rumque</strong></span> 
     </span>
     <span class='ocr_line' id='line_1_71' title="bbox 1027 940 1895 1019; baseline -0.006 -24"><span class='ocrx_word' id='word_1_562' title='bbox 1027 946 1127 1013; x_wconf 78' lang='lat' dir='ltr'><strong>agitur,</strong></span> <span class='ocrx_word' id='word_1_563' title='bbox 1145 943 1189 999; x_wconf 81' lang='lat' dir='ltr'><strong>vet</strong></span> <span class='ocrx_word' id='word_1_564' title='bbox 1207 944 1260 1010; x_wconf 89' lang='lat' dir='ltr'><strong>bic,</strong></span> <span class='ocrx_word' id='word_1_565' title='bbox 1278 946 1321 1014; x_wconf 90' lang='lat' dir='ltr'><strong>qui</strong></span> <span class='ocrx_word' id='word_1_566' title='bbox 1340 945 1427 1019; x_wconf 67' lang='lat' dir='ltr'><strong>alipii,</strong></span> <span class='ocrx_word' id='word_1_567' title='bbox 1445 947 1563 1015; x_wconf 78' lang='lat' dir='ltr'><strong>eo)gatur</strong></span> <span class='ocrx_word' id='word_1_568' title='bbox 1580 941 1744 994; x_wconf 68' lang='lat' dir='ltr'><strong>satisdarstt.</strong></span> <span class='ocrx_word' id='word_1_569' title='bbox 1810 941 1831 1013; x_wconf 89' lang='grc' dir='ltr'>Ι.</span> <span class='ocrx_word' id='word_1_570' title='bbox 1851 940 1895 991; x_wconf 80' lang='grc'>89.</span> 
     </span>
     <span class='ocr_line' id='line_1_72' title="bbox 1026 1027 1940 1103; baseline -0.008 -19"><span class='ocrx_word' id='word_1_571' title='bbox 1026 1033 1109 1099; x_wconf 81' lang='lat' dir='ltr'><strong>igitur</strong></span> <span class='ocrx_word' id='word_1_572' title='bbox 1127 1032 1148 1084; x_wconf 90' lang='lat' dir='ltr'><strong>si</strong></span> <span class='ocrx_word' id='word_1_573' title='bbox 1165 1031 1239 1085; x_wconf 81' lang='lat' dir='ltr'><strong>uerbi</strong></span> <span class='ocrx_word' id='word_1_574' title='bbox 1257 1034 1339 1101; x_wconf 84' lang='lat' dir='ltr'><strong>gratia</strong></span> <span class='ocrx_word' id='word_1_575' title='bbox 1360 1035 1386 1083; x_wconf 92' lang='lat' dir='ltr'><strong>iu</strong></span> <span class='ocrx_word' id='word_1_576' title='bbox 1404 1047 1459 1084; x_wconf 89' lang='lat' dir='ltr'><strong>rem</strong></span> <span class='ocrx_word' id='word_1_577' title='bbox 1469 1038 1554 1083; x_wconf 78' lang='lat' dir='ltr'><strong>tecam</strong></span> <span class='ocrx_word' id='word_1_578' title='bbox 1573 1030 1668 1103; x_wconf 70' lang='lat' dir='ltr'><strong>algam,</strong></span> <span class='ocrx_word' id='word_1_579' title='bbox 1686 1030 1748 1080; x_wconf 91' lang='lat' dir='ltr'><strong>satis</strong></span> <span class='ocrx_word' id='word_1_580' title='bbox 1761 1027 1895 1079; x_wconf 83' lang='lat' dir='ltr'><strong>milrldure</strong></span> <span class='ocrx_word' id='word_1_581' title='bbox 1906 1052 1940 1090; x_wconf 72' lang='grc' dir='ltr'><strong>,ο</strong></span> 
     </span>
     <span class='ocr_line' id='line_1_73' title="bbox 1027 1113 1896 1189; baseline -0.006 -21"><span class='ocrx_word' id='word_1_582' title='bbox 1027 1118 1115 1170; x_wconf 88' lang='lat' dir='ltr'><strong>debes.</strong></span> <span class='ocrx_word' id='word_1_583' title='bbox 1145 1133 1254 1188; x_wconf 85' lang='lat' dir='ltr'><strong>aequum</strong></span> <span class='ocrx_word' id='word_1_584' title='bbox 1271 1121 1339 1170; x_wconf 88' lang='lat' dir='ltr'><strong>enim</strong></span> <span class='ocrx_word' id='word_1_585' title='bbox 1360 1120 1444 1170; x_wconf 84' lang='lat' dir='ltr'><strong>visum</strong></span> <span class='ocrx_word' id='word_1_586' title='bbox 1462 1125 1520 1182; x_wconf 92' lang='lat' dir='ltr'><strong>est,</strong></span> <span class='ocrx_word' id='word_1_587' title='bbox 1538 1118 1584 1189; x_wconf 84' lang='lat' dir='ltr'><strong>(te)</strong></span> <span class='ocrx_word' id='word_1_588' title='bbox 1604 1114 1637 1167; x_wconf 93' lang='lat' dir='ltr'><strong>de</strong></span> <span class='ocrx_word' id='word_1_589' title='bbox 1655 1130 1707 1179; x_wconf 88' lang='lat' dir='ltr'><strong>eo,</strong></span> <span class='ocrx_word' id='word_1_590' title='bbox 1734 1113 1805 1183; x_wconf 90' lang='lat' dir='ltr'><strong>quod</strong></span> <span class='ocrx_word' id='word_1_591' title='bbox 1824 1114 1830 1187; x_wconf 93' lang='grc' dir='ltr'>Ι</span> <span class='ocrx_word' id='word_1_592' title='bbox 1852 1114 1896 1163; x_wconf 91' lang='lat' dir='ltr'><strong>in-</strong></span> 
     </span>
     <span class='ocr_line' id='line_1_74' title="bbox 1027 1200 1897 1274; baseline -0.006 -18"><span class='ocrx_word' id='word_1_593' title='bbox 1027 1213 1099 1256; x_wconf 86' lang='lat' dir='ltr'><strong>terea</strong></span> <span class='ocrx_word' id='word_1_594' title='bbox 1126 1206 1172 1257; x_wconf 90' lang='lat' dir='ltr'><strong>tibi</strong></span> <span class='ocrx_word' id='word_1_595' title='bbox 1196 1222 1266 1271; x_wconf 84' lang='lat' dir='ltr'><strong>reru,</strong></span> <span class='ocrx_word' id='word_1_596' title='bbox 1295 1221 1362 1274; x_wconf 91' lang='lat' dir='ltr'><strong>quae</strong></span> <span class='ocrx_word' id='word_1_597' title='bbox 1388 1220 1421 1257; x_wconf 86' lang='lat' dir='ltr'><strong>an</strong></span> <span class='ocrx_word' id='word_1_598' title='bbox 1441 1205 1474 1258; x_wconf 88' lang='lat' dir='ltr'><strong>ad</strong></span> <span class='ocrx_word' id='word_1_599' title='bbox 1493 1211 1519 1256; x_wconf 93' lang='lat' dir='ltr'><strong>te</strong></span> <span class='ocrx_word' id='word_1_600' title='bbox 1543 1204 1673 1271; x_wconf 89' lang='lat' dir='ltr'><strong>pertineat</strong></span> <span class='ocrx_word' id='word_1_601' title='bbox 1692 1200 1797 1253; x_wconf 89' lang='lat' dir='ltr'><strong>dubium</strong></span> <span class='ocrx_word' id='word_1_602' title='bbox 1821 1203 1897 1270; x_wconf 83' lang='lat' dir='ltr'><strong>(est),</strong></span> 
     </span>
     <span class='ocr_line' id='line_1_75' title="bbox 1027 1288 1895 1366; baseline -0.007 -24"><span class='ocrx_word' id='word_1_603' title='bbox 1027 1292 1174 1366; x_wconf 71' lang='lat' dir='ltr'><strong>possidclrc</strong></span> <span class='ocrx_word' id='word_1_604' title='bbox 1194 1294 1353 1356; x_wconf 88' lang='lat' dir='ltr'><strong>conceditur,</strong></span> <span class='ocrx_word' id='word_1_605' title='bbox 1375 1309 1432 1344; x_wconf 92' lang='lat' dir='ltr'><strong>cum</strong></span> <span class='ocrx_word' id='word_1_606' title='bbox 1451 1292 1619 1344; x_wconf 88' lang='lat' dir='ltr'><strong>satisdatione</strong></span> <span class='ocrx_word' id='word_1_607' title='bbox 1628 1290 1691 1341; x_wconf 85' lang='lat' dir='ltr'><strong>milri</strong></span> <span class='ocrx_word' id='word_1_608' title='bbox 1705 1302 1815 1340; x_wconf 84' lang='lat' dir='ltr'><strong>carere:</strong></span> <span class='ocrx_word' id='word_1_609' title='bbox 1835 1288 1895 1336; x_wconf 75' lang='lat' dir='ltr'><strong>⁵⁸nt</strong></span> 
     </span>
     <span class='ocr_line' id='line_1_76' title="bbox 1027 1374 1895 1451; baseline -0.008 -22"><span class='ocrx_word' id='word_1_610' title='bbox 1027 1380 1049 1429; x_wconf 90' lang='lat' dir='ltr'><strong>si</strong></span> <span class='ocrx_word' id='word_1_611' title='bbox 1069 1380 1153 1429; x_wconf 87' lang='lat' dir='ltr'><strong>victus</strong></span> <span class='ocrx_word' id='word_1_612' title='bbox 1176 1380 1181 1451; x_wconf 93' lang='grc' dir='ltr'>Ι</span> <span class='ocrx_word' id='word_1_613' title='bbox 1202 1379 1254 1442; x_wconf 91' lang='lat' dir='ltr'><strong>sis,</strong></span> <span class='ocrx_word' id='word_1_614' title='bbox 1275 1394 1325 1429; x_wconf 92' lang='lat' dir='ltr'><strong>nec</strong></span> <span class='ocrx_word' id='word_1_615' title='bbox 1344 1381 1432 1430; x_wconf 75' lang='lat' dir='ltr'><strong>retn⁵⁹</strong></span> <span class='ocrx_word' id='word_1_616' title='bbox 1452 1380 1535 1445; x_wconf 88' lang='lat' dir='ltr'><strong>ipsam</strong></span> <span class='ocrx_word' id='word_1_617' title='bbox 1552 1378 1684 1439; x_wconf 86' lang='lat' dir='ltr'><strong>restituas,</strong></span> <span class='ocrx_word' id='word_1_618' title='bbox 1702 1389 1753 1426; x_wconf 89' lang='lat' dir='ltr'><strong>nec</strong></span> <span class='ocrx_word' id='word_1_619' title='bbox 1774 1374 1827 1424; x_wconf 91' lang='lat' dir='ltr'><strong>litis</strong></span> <span class='ocrx_word' id='word_1_620' title='bbox 1846 1386 1895 1423; x_wconf 88' lang='lat' dir='ltr'><strong>us-</strong></span> 
     </span>
     <span class='ocr_line' id='line_1_77' title="bbox 1027 1460 1895 1540; baseline -0.007 -24"><span class='ocrx_word' id='word_1_621' title='bbox 1027 1466 1198 1517; x_wconf 88' lang='lat' dir='ltr'><strong>stimationem</strong></span> <span class='ocrx_word' id='word_1_622' title='bbox 1215 1467 1349 1540; x_wconf 63' lang='lat' dir='ltr'><strong>saliforas,</strong></span> <span class='ocrx_word' id='word_1_623' title='bbox 1368 1467 1402 1516; x_wconf 85' lang='lat' dir='ltr'><strong>sit</strong></span> <span class='ocrx_word' id='word_1_624' title='bbox 1422 1465 1484 1515; x_wconf 84' lang='lat' dir='ltr'><strong>milri</strong></span> <span class='ocrx_word' id='word_1_625' title='bbox 1496 1471 1621 1531; x_wconf 88' lang='lat' dir='ltr'><strong>potestas,</strong></span> <span class='ocrx_word' id='word_1_626' title='bbox 1639 1471 1684 1514; x_wconf 91' lang='lat' dir='ltr'><strong>aut</strong></span> <span class='ocrx_word' id='word_1_627' title='bbox 1696 1469 1781 1513; x_wconf 83' lang='lat' dir='ltr'><strong>tecum</strong></span> <span class='ocrx_word' id='word_1_628' title='bbox 1791 1460 1895 1527; x_wconf 75' lang='lat' dir='ltr'><strong>agendi,</strong></span> 
     </span>
     <span class='ocr_line' id='line_1_78' title="bbox 1029 1546 1976 1623; baseline 0.001 -23"><span class='ocrx_word' id='word_1_629' title='bbox 1029 1561 1073 1604; x_wconf 89' lang='lat' dir='ltr'><strong>aut</strong></span> <span class='ocrx_word' id='word_1_630' title='bbox 1093 1568 1150 1604; x_wconf 89' lang='lat' dir='ltr'><strong>curn</strong></span> <span class='ocrx_word' id='word_1_631' title='bbox 1169 1553 1337 1620; x_wconf 77' lang='lat' dir='ltr'><strong>sponsoribus</strong></span> <span class='ocrx_word' id='word_1_632' title='bbox 1352 1558 1364 1623; x_wconf 90' lang='grc' dir='ltr'><strong>ΙΙ</strong></span> <span class='ocrx_word' id='word_1_633' title='bbox 1379 1553 1439 1603; x_wconf 91' lang='lat' dir='ltr'><strong>tuis.</strong></span> <span class='ocrx_word' id='word_1_634' title='bbox 1542 1551 1564 1622; x_wconf 90' lang='grc' dir='ltr'>Ι.</span> <span class='ocrx_word' id='word_1_635' title='bbox 1583 1549 1626 1602; x_wconf 87' lang='grc'><strong>90.</strong></span> <span class='ocrx_word' id='word_1_636' title='bbox 1664 1548 1797 1616; x_wconf 88' lang='lat' dir='ltr'><strong>blultoqne</strong></span> <span class='ocrx_word' id='word_1_637' title='bbox 1814 1548 1897 1614; x_wconf 79' lang='lat' dir='ltr'><strong>magis</strong></span> <span class='ocrx_word' id='word_1_638' title='bbox 1905 1546 1976 1606; x_wconf 71' lang='lat'><strong>222.</strong></span> 
     </span>
     <span class='ocr_line' id='line_1_79' title="bbox 1026 1627 1972 1711; baseline -0.007 -21"><span class='ocrx_word' id='word_1_639' title='bbox 1026 1639 1107 1693; x_wconf 90' lang='lat' dir='ltr'><strong>debes</strong></span> <span class='ocrx_word' id='word_1_640' title='bbox 1126 1641 1252 1693; x_wconf 85' lang='lat' dir='ltr'><strong>satisdare</strong></span> <span class='ocrx_word' id='word_1_641' title='bbox 1264 1640 1337 1704; x_wconf 87' lang='lat' dir='ltr'><strong>milri,</strong></span> <span class='ocrx_word' id='word_1_642' title='bbox 1356 1641 1377 1693; x_wconf 86' lang='lat' dir='ltr'><strong>si</strong></span> <span class='ocrx_word' id='word_1_643' title='bbox 1397 1639 1483 1690; x_wconf 87' lang='lat' dir='ltr'><strong>alieno</strong></span> <span class='ocrx_word' id='word_1_644' title='bbox 1495 1640 1601 1690; x_wconf 88' lang='lat' dir='ltr'><strong>namins</strong></span> <span class='ocrx_word' id='word_1_645' title='bbox 1613 1636 1748 1711; x_wconf 67' lang='lat' dir='ltr'><strong>iudilcium</strong></span> <span class='ocrx_word' id='word_1_646' title='bbox 1762 1635 1896 1709; x_wconf 65' lang='lat' dir='ltr'><strong>accipias}</strong></span> <span class='ocrx_word' id='word_1_647' title='bbox 1913 1627 1972 1695; x_wconf 63' lang='lat'><strong>89⁵·</strong></span> 
     </span>
     <span class='ocr_line' id='line_1_80' title="bbox 1026 1718 1897 1800; baseline -0.01 -19"><span class='ocrx_word' id='word_1_648' title='bbox 1026 1729 1049 1800; x_wconf 85' lang='lat'><strong>§.</strong></span> <span class='ocrx_word' id='word_1_649' title='bbox 1068 1728 1111 1781; x_wconf 88' lang='grc'><strong>91.</strong></span> <span class='ocrx_word' id='word_1_650' title='bbox 1148 1718 1269 1781; x_wconf 86' lang='lat' dir='ltr'><strong>Ceterum</strong></span> <span class='ocrx_word' id='word_1_651' title='bbox 1296 1744 1353 1779; x_wconf 86' lang='lat' dir='ltr'><strong>cum</strong></span> <span class='ocrx_word' id='word_1_652' title='bbox 1371 1729 1398 1778; x_wconf 92' lang='lat' dir='ltr'><strong>in</strong></span> <span class='ocrx_word' id='word_1_653' title='bbox 1417 1743 1473 1778; x_wconf 88' lang='lat' dir='ltr'><strong>rem</strong></span> <span class='ocrx_word' id='word_1_654' title='bbox 1493 1728 1561 1778; x_wconf 89' lang='lat' dir='ltr'><strong>actio</strong></span> <span class='ocrx_word' id='word_1_655' title='bbox 1582 1725 1679 1794; x_wconf 75' lang='lat' dir='ltr'><strong>duplex</strong></span> <span class='ocrx_word' id='word_1_656' title='bbox 1696 1726 1746 1789; x_wconf 85' lang='lat' dir='ltr'><strong>sit,</strong></span> <span class='ocrx_word' id='word_1_657' title='bbox 1767 1731 1812 1775; x_wconf 85' lang='lat' dir='ltr'><strong>aut</strong></span> <span class='ocrx_word' id='word_1_658' title='bbox 1828 1723 1897 1774; x_wconf 84' lang='lat' dir='ltr'><strong>enim</strong></span> 
     </span>
     <span class='ocr_line' id='line_1_81' title="bbox 1026 1808 1897 1888; baseline -0.008 -22"><span class='ocrx_word' id='word_1_659' title='bbox 1026 1831 1074 1883; x_wconf 89' lang='lat' dir='ltr'><strong>pcr</strong></span> <span class='ocrx_word' id='word_1_660' title='bbox 1092 1814 1228 1867; x_wconf 78' lang='lat' dir='ltr'><strong>formulam</strong></span> <span class='ocrx_word' id='word_1_661' title='bbox 1245 1814 1404 1888; x_wconf 71' lang='lat' dir='ltr'><strong>petitolriaru</strong></span> <span class='ocrx_word' id='word_1_662' title='bbox 1422 1815 1515 1882; x_wconf 81' lang='lat' dir='ltr'><strong>agitur,</strong></span> <span class='ocrx_word' id='word_1_663' title='bbox 1534 1821 1576 1864; x_wconf 90' lang='lat' dir='ltr'><strong>aut</strong></span> <span class='ocrx_word' id='word_1_664' title='bbox 1595 1827 1643 1879; x_wconf 89' lang='lat' dir='ltr'><strong>per</strong></span> <span class='ocrx_word' id='word_1_665' title='bbox 1662 1811 1839 1879; x_wconf 86' lang='lat' dir='ltr'><strong>sponsionem,</strong></span> <span class='ocrx_word' id='word_1_666' title='bbox 1857 1808 1897 1858; x_wconf 88' lang='lat' dir='ltr'><strong>si·</strong></span> 
     </span>
     <span class='ocr_line' id='line_1_82' title="bbox 1026 1895 1921 1973; baseline -0.004 -20"><span class='ocrx_word' id='word_1_667' title='bbox 1026 1901 1130 1969; x_wconf 89' lang='lat' dir='ltr'><strong>quidem</strong></span> <span class='ocrx_word' id='word_1_668' title='bbox 1155 1916 1203 1969; x_wconf 90' lang='lat' dir='ltr'><strong>per</strong></span> <span class='ocrx_word' id='word_1_669' title='bbox 1222 1901 1359 1953; x_wconf 81' lang='lat' dir='ltr'><strong>formulam</strong></span> <span class='ocrx_word' id='word_1_670' title='bbox 1379 1901 1538 1973; x_wconf 71' lang='lat' dir='ltr'><strong>potitoiriam</strong></span> <span class='ocrx_word' id='word_1_671' title='bbox 1562 1901 1665 1967; x_wconf 82' lang='lat' dir='ltr'><strong>agitur,</strong></span> <span class='ocrx_word' id='word_1_672' title='bbox 1691 1897 1737 1948; x_wconf 85' lang='lat' dir='ltr'><strong>illa</strong></span> <span class='ocrx_word' id='word_1_673' title='bbox 1763 1895 1921 1963; x_wconf 72' lang='lat' dir='ltr'><strong>stipulatiab</strong></span> 
     </span>
     <span class='ocr_line' id='line_1_83' title="bbox 1026 1985 1897 2061; baseline -0.008 -20"><span class='ocrx_word' id='word_1_674' title='bbox 1026 1989 1113 2041; x_wconf 80' lang='lat' dir='ltr'><strong>locunt</strong></span> <span class='ocrx_word' id='word_1_675' title='bbox 1130 1987 1227 2052; x_wconf 88' lang='lat' dir='ltr'><strong>habet,</strong></span> <span class='ocrx_word' id='word_1_676' title='bbox 1247 2003 1316 2056; x_wconf 87' lang='lat' dir='ltr'><strong>quae</strong></span> <span class='ocrx_word' id='word_1_677' title='bbox 1333 1987 1481 2056; x_wconf 87' lang='lat' dir='ltr'><strong>appellatur</strong></span> <span class='ocrx_word' id='word_1_678' title='bbox 1501 1989 1653 2061; x_wconf 71' lang='lat' dir='ltr'><strong>iutdicatum</strong></span> <span class='ocrx_word' id='word_1_679' title='bbox 1675 1985 1761 2037; x_wconf 85' lang='lat' dir='ltr'><strong>solvi:</strong></span> <span class='ocrx_word' id='word_1_680' title='bbox 1788 1986 1810 2035; x_wconf 87' lang='lat' dir='ltr'><strong>si</strong></span> <span class='ocrx_word' id='word_1_681' title='bbox 1833 1998 1897 2034; x_wconf 89' lang='lat' dir='ltr'><strong>vero</strong></span> 
     </span>
     <span class='ocr_line' id='line_1_84' title="bbox 1025 2070 1896 2147; baseline -0.011 -18"><span class='ocrx_word' id='word_1_682' title='bbox 1025 2091 1074 2144; x_wconf 90' lang='lat' dir='ltr'><strong>per</strong></span> <span class='ocrx_word' id='word_1_683' title='bbox 1091 2077 1275 2144; x_wconf 87' lang='lat' dir='ltr'><strong>sponsionem,</strong></span> <span class='ocrx_word' id='word_1_684' title='bbox 1295 2074 1356 2141; x_wconf 87' lang='lat' dir='ltr'><strong>illa,</strong></span> <span class='ocrx_word' id='word_1_685' title='bbox 1381 2089 1448 2143; x_wconf 89' lang='lat' dir='ltr'><strong>qnae</strong></span> <span class='ocrx_word' id='word_1_686' title='bbox 1466 2073 1613 2142; x_wconf 87' lang='lat' dir='ltr'><strong>appellatur</strong></span> <span class='ocrx_word' id='word_1_687' title='bbox 1636 2075 1642 2147; x_wconf 91' lang='grc' dir='ltr'>Ι</span> <span class='ocrx_word' id='word_1_688' title='bbox 1663 2088 1710 2139; x_wconf 92' lang='lat' dir='ltr'><strong>pro</strong></span> <span class='ocrx_word' id='word_1_689' title='bbox 1728 2070 1825 2138; x_wconf 89' lang='lat' dir='ltr'><strong>praede</strong></span> <span class='ocrx_word' id='word_1_690' title='bbox 1843 2070 1896 2121; x_wconf 88' lang='lat' dir='ltr'><strong>litis</strong></span> 
     </span>
     <span class='ocr_line' id='line_1_85' title="bbox 1026 2156 1897 2235; baseline -0.009 -21"><span class='ocrx_word' id='word_1_691' title='bbox 1026 2171 1053 2214; x_wconf 91' lang='lat' dir='ltr'><strong>et</strong></span> <span class='ocrx_word' id='word_1_692' title='bbox 1072 2162 1253 2214; x_wconf 78' lang='lat' dir='ltr'><strong>vindiciarum.</strong></span> <span class='ocrx_word' id='word_1_693' title='bbox 1280 2182 1283 2188; x_wconf 37' lang='lat' dir='ltr'><strong>t</strong></span> <span class='ocrx_word' id='word_1_694' title='bbox 1334 2162 1356 2235; x_wconf 90' lang='grc' dir='ltr'><strong>Ι.</strong></span> <span class='ocrx_word' id='word_1_695' title='bbox 1378 2160 1422 2213; x_wconf 80' lang='lat'><strong>92.</strong></span> <span class='ocrx_word' id='word_1_696' title='bbox 1458 2161 1582 2213; x_wconf 82' lang='lat' dir='ltr'><strong>l’etitoria</strong></span> <span class='ocrx_word' id='word_1_697' title='bbox 1599 2167 1685 2212; x_wconf 86' lang='lat' dir='ltr'><strong>antem</strong></span> <span class='ocrx_word' id='word_1_698' title='bbox 1705 2157 1816 2210; x_wconf 81' lang='lat' dir='ltr'><strong>formula</strong></span> <span class='ocrx_word' id='word_1_699' title='bbox 1832 2156 1897 2208; x_wconf 84' lang='lat' dir='ltr'><strong>baec</strong></span> 
     </span>
     <span class='ocr_line' id='line_1_86' title="bbox 1026 2243 1897 2324; baseline -0.008 -23"><span class='ocrx_word' id='word_1_700' title='bbox 1026 2258 1074 2309; x_wconf 88' lang='lat' dir='ltr'><strong>est,</strong></span> <span class='ocrx_word' id='word_1_701' title='bbox 1094 2250 1101 2324; x_wconf 91' lang='grc' dir='ltr'><strong>Ι</strong></span> <span class='ocrx_word' id='word_1_702' title='bbox 1121 2265 1172 2318; x_wconf 83' lang='lat' dir='ltr'><strong>qus</strong></span> <span class='ocrx_word' id='word_1_703' title='bbox 1191 2257 1263 2301; x_wconf 89' lang='lat' dir='ltr'><strong>actor</strong></span> <span class='ocrx_word' id='word_1_704' title='bbox 1279 2247 1400 2312; x_wconf 82' lang='lat' dir='ltr'><strong>intendit,</strong></span> <span class='ocrx_word' id='word_1_705' title='bbox 1418 2264 1473 2300; x_wconf 90' lang='lat' dir='ltr'><strong>rem</strong></span> <span class='ocrx_word' id='word_1_706' title='bbox 1491 2263 1564 2301; x_wconf 88' lang='lat' dir='ltr'><strong>snam</strong></span> <span class='ocrx_word' id='word_1_707' title='bbox 1584 2262 1652 2299; x_wconf 86' lang='lat' dir='ltr'><strong>esse.</strong></span> <span class='ocrx_word' id='word_1_708' title='bbox 1741 2247 1762 2317; x_wconf 95' lang='grc' dir='ltr'><strong>Ι.</strong></span> <span class='ocrx_word' id='word_1_709' title='bbox 1779 2243 1823 2297; x_wconf 82' lang='grc'>93.</span> <span class='ocrx_word' id='word_1_710' title='bbox 1847 2243 1897 2295; x_wconf 86' lang='lat' dir='ltr'><strong>Per</strong></span> 
     </span>
     <span class='ocr_line' id='line_1_87' title="bbox 1025 2330 1895 2408; baseline -0.009 -20"><span class='ocrx_word' id='word_1_711' title='bbox 1025 2337 1193 2404; x_wconf 87' lang='lat' dir='ltr'><strong>sponsionem</strong></span> <span class='ocrx_word' id='word_1_712' title='bbox 1210 2336 1293 2408; x_wconf 70' lang='lat' dir='ltr'><strong>verni</strong></span> <span class='ocrx_word' id='word_1_713' title='bbox 1313 2336 1364 2386; x_wconf 91' lang='lat' dir='ltr'><strong>hoc</strong></span> <span class='ocrx_word' id='word_1_714' title='bbox 1384 2333 1461 2387; x_wconf 91' lang='lat' dir='ltr'><strong>modo</strong></span> <span class='ocrx_word' id='word_1_715' title='bbox 1474 2335 1583 2402; x_wconf 79' lang='lat' dir='ltr'><strong>agimus.</strong></span> <span class='ocrx_word' id='word_1_716' title='bbox 1608 2345 1780 2400; x_wconf 81' lang='lat' dir='ltr'><strong>provocamus</strong></span> <span class='ocrx_word' id='word_1_717' title='bbox 1800 2330 1895 2381; x_wconf 87' lang='lat' dir='ltr'><strong>adrer-</strong></span> 
     </span>
     <span class='ocr_line' id='line_1_88' title="bbox 1025 2420 1938 2496; baseline -0.004 -20"><span class='ocrx_word' id='word_1_718' title='bbox 1025 2426 1119 2477; x_wconf 88' lang='lat' dir='ltr'><strong>sarium</strong></span> <span class='ocrx_word' id='word_1_719' title='bbox 1138 2420 1183 2475; x_wconf 90' lang='lat' dir='ltr'><strong>tali</strong></span> <span class='ocrx_word' id='word_1_720' title='bbox 1201 2423 1372 2496; x_wconf 71' lang='lat' dir='ltr'><strong>spanisiona:</strong></span> <span class='ocrx_word' id='word_1_721' title='bbox 1390 2437 1414 2474; x_wconf 87' lang='lat' dir='ltr'><strong>sr</strong></span> <span class='ocrx_word' id='word_1_722' title='bbox 1434 2436 1516 2484; x_wconf 79' lang='lat' dir='ltr'><strong>noso,</strong></span> <span class='ocrx_word' id='word_1_723' title='bbox 1534 2435 1587 2481; x_wconf 82' lang='lat' dir='ltr'><strong>qao</strong></span> <span class='ocrx_word' id='word_1_724' title='bbox 1602 2434 1635 2471; x_wconf 81' lang='lat' dir='ltr'><strong>nn</strong></span> <span class='ocrx_word' id='word_1_725' title='bbox 1650 2432 1760 2481; x_wconf 79' lang='lat' dir='ltr'><strong>sainna,</strong></span> <span class='ocrx_word' id='word_1_726' title='bbox 1778 2432 1811 2469; x_wconf 84' lang='lat' dir='ltr'><strong>ax</strong></span> <span class='ocrx_word' id='word_1_727' title='bbox 1830 2429 1894 2468; x_wconf 83' lang='lat' dir='ltr'><strong>runs</strong></span> <span class='ocrx_word' id='word_1_728' title='bbox 1907 2434 1938 2471; x_wconf 88' lang='grc' dir='ltr'><strong>ιο</strong></span> 
     </span>
     <span class='ocr_line' id='line_1_89' title="bbox 1026 2508 1894 2573; baseline -0.012 -11"><span class='ocrx_word' id='word_1_729' title='bbox 1026 2524 1168 2572; x_wconf 75' lang='lat' dir='ltr'><strong>annuimus</strong></span> <span class='ocrx_word' id='word_1_730' title='bbox 1185 2524 1315 2573; x_wconf 76' lang='lat' dir='ltr'><strong>ssnsssr,</strong></span> <span class='ocrx_word' id='word_1_731' title='bbox 1334 2522 1486 2561; x_wconf 84' lang='lat' dir='ltr'><strong>snsrsnrtos</strong></span> <span class='ocrx_word' id='word_1_732' title='bbox 1506 2508 1590 2559; x_wconf 60' lang='grc' dir='ltr'>ανδ)</span> <span class='ocrx_word' id='word_1_733' title='bbox 1607 2520 1713 2557; x_wconf 83' lang='lat' dir='ltr'><strong>sonos</strong></span> <span class='ocrx_word' id='word_1_734' title='bbox 1726 2519 1797 2555; x_wconf 83' lang='lat' dir='ltr'><strong>osas</strong></span> <span class='ocrx_word' id='word_1_735' title='bbox 1813 2516 1894 2554; x_wconf 79' lang='lat' dir='ltr'><strong>snou-</strong></span> 
     </span>
     <span class='ocr_line' id='line_1_90' title="bbox 1025 2590 1894 2666; baseline -0.009 -17"><span class='ocrx_word' id='word_1_736' title='bbox 1025 2594 1096 2649; x_wconf 84' lang='lat' dir='ltr'><strong>nss‘l</strong></span> <span class='ocrx_word' id='word_1_737' title='bbox 1113 2595 1208 2648; x_wconf 87' lang='lat' dir='ltr'><strong>deinde</strong></span> <span class='ocrx_word' id='word_1_738' title='bbox 1225 2595 1363 2647; x_wconf 81' lang='lat' dir='ltr'><strong>formulam</strong></span> <span class='ocrx_word' id='word_1_739' title='bbox 1382 2595 1498 2658; x_wconf 87' lang='lat' dir='ltr'><strong>edimus,</strong></span> <span class='ocrx_word' id='word_1_740' title='bbox 1517 2608 1569 2662; x_wconf 85' lang='lat' dir='ltr'><strong>qua</strong></span> <span class='ocrx_word' id='word_1_741' title='bbox 1589 2592 1596 2666; x_wconf 95' lang='grc' dir='ltr'><strong>Ι</strong></span> <span class='ocrx_word' id='word_1_742' title='bbox 1616 2590 1790 2654; x_wconf 85' lang='lat' dir='ltr'><strong>intendimus,</strong></span> <span class='ocrx_word' id='word_1_743' title='bbox 1811 2603 1894 2657; x_wconf 89' lang='lat' dir='ltr'><strong>span-</strong></span> 
     </span>
     <span class='ocr_line' id='line_1_91' title="bbox 1025 2675 1896 2751; baseline -0.011 -16"><span class='ocrx_word' id='word_1_744' title='bbox 1025 2683 1107 2735; x_wconf 90' lang='lat' dir='ltr'><strong>sionis</strong></span> <span class='ocrx_word' id='word_1_745' title='bbox 1127 2699 1251 2735; x_wconf 80' lang='lat' dir='ltr'><strong>sumniam</strong></span> <span class='ocrx_word' id='word_1_746' title='bbox 1267 2681 1344 2734; x_wconf 90' lang='lat' dir='ltr'><strong>nobis</strong></span> <span class='ocrx_word' id='word_1_747' title='bbox 1365 2682 1456 2733; x_wconf 70' lang='lat' dir='ltr'><strong>dare⁶¹</strong></span> <span class='ocrx_word' id='word_1_748' title='bbox 1477 2687 1606 2746; x_wconf 85' lang='lat' dir='ltr'><strong>oportere.</strong></span> <span class='ocrx_word' id='word_1_749' title='bbox 1628 2678 1635 2751; x_wconf 93' lang='grc' dir='ltr'><strong>Ι</strong></span> <span class='ocrx_word' id='word_1_750' title='bbox 1661 2692 1712 2747; x_wconf 91' lang='lat' dir='ltr'><strong>qua</strong></span> <span class='ocrx_word' id='word_1_751' title='bbox 1732 2675 1842 2727; x_wconf 76' lang='lat' dir='ltr'><strong>formula</strong></span> <span class='ocrx_word' id='word_1_752' title='bbox 1859 2675 1896 2726; x_wconf 90' lang='lat' dir='ltr'><strong>ita</strong></span> 
     </span>
     <span class='ocr_line' id='line_1_92' title="bbox 1027 2763 1895 2837; baseline -0.013 -15"><span class='ocrx_word' id='word_1_753' title='bbox 1027 2770 1129 2823; x_wconf 88' lang='lat' dir='ltr'><strong>demum</strong></span> <span class='ocrx_word' id='word_1_754' title='bbox 1148 2771 1293 2834; x_wconf 82' lang='lat' dir='ltr'><strong>vincimus,</strong></span> <span class='ocrx_word' id='word_1_755' title='bbox 1312 2770 1334 2820; x_wconf 90' lang='lat' dir='ltr'><strong>si</strong></span> <span class='ocrx_word' id='word_1_756' title='bbox 1354 2768 1560 2835; x_wconf 83' lang='lat' dir='ltr'><strong>probaverimus,</strong></span> <span class='ocrx_word' id='word_1_757' title='bbox 1576 2769 1582 2837; x_wconf 90' lang='grc' dir='ltr'><strong>Ι</strong></span> <span class='ocrx_word' id='word_1_758' title='bbox 1597 2781 1652 2816; x_wconf 91' lang='lat' dir='ltr'><strong>rem</strong></span> <span class='ocrx_word' id='word_1_759' title='bbox 1670 2771 1784 2815; x_wconf 78' lang='lat' dir='ltr'><strong>posnam</strong></span> <span class='ocrx_word' id='word_1_760' title='bbox 1805 2776 1872 2815; x_wconf 90' lang='lat' dir='ltr'><strong>esse.</strong></span> <span class='ocrx_word' id='word_1_761' title='bbox 1888 2763 1895 2835; x_wconf 94' lang='grc' dir='ltr'><strong>Ι</strong></span> 
     </span>
     <span class='ocr_line' id='line_1_93' title="bbox 1027 2850 1938 2929; baseline -0.014 -18"><span class='ocrx_word' id='word_1_762' title='bbox 1027 2859 1049 2929; x_wconf 88' lang='grc' dir='ltr'><strong>Ι.</strong></span> <span class='ocrx_word' id='word_1_763' title='bbox 1066 2857 1110 2910; x_wconf 79' lang='grc'>94.</span> <span class='ocrx_word' id='word_1_764' title='bbox 1152 2858 1239 2911; x_wconf 82' lang='lat' dir='ltr'><strong>llon⁶²</strong></span> <span class='ocrx_word' id='word_1_765' title='bbox 1268 2863 1353 2907; x_wconf 90' lang='lat' dir='ltr'><strong>tamen</strong></span> <span class='ocrx_word' id='word_1_766' title='bbox 1381 2856 1445 2907; x_wconf 91' lang='lat' dir='ltr'><strong>haec</strong></span> <span class='ocrx_word' id='word_1_767' title='bbox 1473 2868 1572 2906; x_wconf 85' lang='lat' dir='ltr'><strong>saruma</strong></span> <span class='ocrx_word' id='word_1_768' title='bbox 1602 2853 1751 2920; x_wconf 89' lang='lat' dir='ltr'><strong>sponsionis</strong></span> <span class='ocrx_word' id='word_1_769' title='bbox 1775 2850 1938 2917; x_wconf 54' lang='lat' dir='ltr'><strong>exigitur&amp;</strong></span> 
     </span>
     <span class='ocr_line' id='line_1_94' title="bbox 1026 2937 1897 3015; baseline -0.013 -17"><span class='ocrx_word' id='word_1_770' title='bbox 1026 2947 1108 2999; x_wconf 79' lang='lat' dir='ltr'><strong>nee⁶³</strong></span> <span class='ocrx_word' id='word_1_771' title='bbox 1127 2946 1195 2997; x_wconf 86' lang='lat' dir='ltr'><strong>enim</strong></span> <span class='ocrx_word' id='word_1_772' title='bbox 1215 2943 1334 3012; x_wconf 85' lang='lat' dir='ltr'><strong>paenulis</strong></span> <span class='ocrx_word' id='word_1_773' title='bbox 1351 2950 1407 3008; x_wconf 88' lang='lat' dir='ltr'><strong>est,</strong></span> <span class='ocrx_word' id='word_1_774' title='bbox 1429 2942 1434 3015; x_wconf 94' lang='grc' dir='ltr'><strong>Ι</strong></span> <span class='ocrx_word' id='word_1_775' title='bbox 1456 2941 1502 2993; x_wconf 84' lang='lat' dir='ltr'><strong>sed</strong></span> <span class='ocrx_word' id='word_1_776' title='bbox 1520 2937 1728 3007; x_wconf 87' lang='lat' dir='ltr'><strong>praeiudicialis,</strong></span> <span class='ocrx_word' id='word_1_777' title='bbox 1747 2944 1774 2988; x_wconf 91' lang='lat' dir='ltr'><strong>et</strong></span> <span class='ocrx_word' id='word_1_778' title='bbox 1791 2944 1897 3004; x_wconf 90' lang='lat' dir='ltr'><strong>propter</strong></span> 
     </span>
     <span class='ocr_line' id='line_1_95' title="bbox 1027 3024 1900 3101; baseline -0.014 -15"><span class='ocrx_word' id='word_1_779' title='bbox 1027 3035 1078 3086; x_wconf 89' lang='lat' dir='ltr'><strong>hoc</strong></span> <span class='ocrx_word' id='word_1_780' title='bbox 1097 3031 1181 3086; x_wconf 90' lang='lat' dir='ltr'><strong>solum</strong></span> <span class='ocrx_word' id='word_1_781' title='bbox 1202 3032 1249 3096; x_wconf 91' lang='lat' dir='ltr'><strong>llt,</strong></span> <span class='ocrx_word' id='word_1_782' title='bbox 1268 3038 1297 3082; x_wconf 92' lang='lat' dir='ltr'><strong>ut</strong></span> <span class='ocrx_word' id='word_1_783' title='bbox 1314 3046 1361 3097; x_wconf 84' lang='lat' dir='ltr'><strong>per</strong></span> <span class='ocrx_word' id='word_1_784' title='bbox 1379 3045 1435 3081; x_wconf 89' lang='lat' dir='ltr'><strong>eam</strong></span> <span class='ocrx_word' id='word_1_785' title='bbox 1457 3029 1490 3080; x_wconf 89' lang='lat' dir='ltr'><strong>de</strong></span> <span class='ocrx_word' id='word_1_786' title='bbox 1507 3044 1536 3079; x_wconf 91' lang='lat' dir='ltr'><strong>rc</strong></span> <span class='ocrx_word' id='word_1_787' title='bbox 1555 3026 1704 3101; x_wconf 71' lang='lat' dir='ltr'><strong>iutdicetur.</strong></span> <span class='ocrx_word' id='word_1_788' title='bbox 1733 3024 1802 3076; x_wconf 90' lang='lat' dir='ltr'><strong>uude</strong></span> <span class='ocrx_word' id='word_1_789' title='bbox 1822 3025 1900 3075; x_wconf 87' lang='lat' dir='ltr'><strong>etium</strong></span> 
     </span>
     <span class='ocr_line' id='line_1_96' title="bbox 1026 3113 1899 3187; baseline -0.011 -16"><span class='ocrx_word' id='word_1_790' title='bbox 1026 3124 1059 3185; x_wconf 89' lang='lat' dir='ltr'><strong>is,</strong></span> <span class='ocrx_word' id='word_1_791' title='bbox 1081 3136 1138 3171; x_wconf 90' lang='lat' dir='ltr'><strong>cum</strong></span> <span class='ocrx_word' id='word_1_792' title='bbox 1159 3136 1210 3187; x_wconf 90' lang='lat' dir='ltr'><strong>qua</strong></span> <span class='ocrx_word' id='word_1_793' title='bbox 1231 3119 1323 3186; x_wconf 73' lang='lat' dir='ltr'><strong>apitius,</strong></span> <span class='ocrx_word' id='word_1_794' title='bbox 1341 3118 1409 3167; x_wconf 69' lang='lat' dir='ltr'><strong>*uon*</strong></span> <span class='ocrx_word' id='word_1_795' title='bbox 1427 3114 1604 3184; x_wconf 79' lang='lat' dir='ltr'><strong>restipulatur.</strong></span> <span class='ocrx_word' id='word_1_796' title='bbox 1633 3113 1693 3164; x_wconf 85' lang='lat' dir='ltr'><strong>ides</strong></span> <span class='ocrx_word' id='word_1_797' title='bbox 1716 3113 1723 3186; x_wconf 95' lang='grc' dir='ltr'><strong>Ι</strong></span> <span class='ocrx_word' id='word_1_798' title='bbox 1747 3120 1832 3164; x_wconf 89' lang='lat' dir='ltr'><strong>autem</strong></span> <span class='ocrx_word' id='word_1_799' title='bbox 1850 3124 1899 3176; x_wconf 87' lang='lat' dir='ltr'><strong>ap·</strong></span> 
     </span>
     <span class='ocr_line' id='line_1_97' title="bbox 1026 3198 1898 3275; baseline -0.016 -15"><span class='ocrx_word' id='word_1_800' title='bbox 1026 3207 1125 3275; x_wconf 89' lang='lat' dir='ltr'><strong>pellata</strong></span> <span class='ocrx_word' id='word_1_801' title='bbox 1145 3214 1184 3257; x_wconf 90' lang='lat' dir='ltr'><strong>est</strong></span> <span class='ocrx_word' id='word_1_802' title='bbox 1201 3220 1249 3273; x_wconf 93' lang='lat' dir='ltr'><strong>pro</strong></span> <span class='ocrx_word' id='word_1_803' title='bbox 1268 3204 1364 3271; x_wconf 87' lang='lat' dir='ltr'><strong>pmede</strong></span> <span class='ocrx_word' id='word_1_804' title='bbox 1382 3202 1435 3254; x_wconf 85' lang='lat' dir='ltr'><strong>litis</strong></span> <span class='ocrx_word' id='word_1_805' title='bbox 1461 3202 1632 3253; x_wconf 86' lang='lat' dir='ltr'><strong>vindiciarum</strong></span> <span class='ocrx_word' id='word_1_806' title='bbox 1660 3199 1812 3266; x_wconf 82' lang='lat' dir='ltr'><strong>stipulatio,</strong></span> <span class='ocrx_word' id='word_1_807' title='bbox 1839 3198 1898 3263; x_wconf 88' lang='lat' dir='ltr'><strong>quia</strong></span> 
     </span>
     <span class='ocr_line' id='line_1_98' title="bbox 1027 3285 1898 3366; baseline -0.014 -21"><span class='ocrx_word' id='word_1_808' title='bbox 1027 3296 1053 3345; x_wconf 94' lang='lat' dir='ltr'><strong>in</strong></span> <span class='ocrx_word' id='word_1_809' title='bbox 1065 3294 1162 3366; x_wconf 72' lang='lat' dir='ltr'><strong>iolcum</strong></span> <span class='ocrx_word' id='word_1_810' title='bbox 1179 3293 1312 3360; x_wconf 86' lang='lat' dir='ltr'><strong>praedium</strong></span> <span class='ocrx_word' id='word_1_811' title='bbox 1325 3291 1460 3354; x_wconf 80' lang='lat' dir='ltr'><strong>sirccessit,</strong></span> <span class='ocrx_word' id='word_1_812' title='bbox 1479 3291 1575 3357; x_wconf 64' lang='lat' dir='ltr'><strong>quini*</strong></span> <span class='ocrx_word' id='word_1_813' title='bbox 1594 3288 1665 3350; x_wconf 92' lang='lat' dir='ltr'><strong>olim,</strong></span> <span class='ocrx_word' id='word_1_814' title='bbox 1686 3302 1743 3337; x_wconf 88' lang='lat' dir='ltr'><strong>rum</strong></span> <span class='ocrx_word' id='word_1_815' title='bbox 1760 3285 1898 3353; x_wconf 74' lang='lat' dir='ltr'><strong>logangn-</strong></span> 
     </span>
     <span class='ocr_line' id='line_1_99' title="bbox 1028 3371 1941 3451; baseline -0.011 -19"><span class='ocrx_word' id='word_1_816' title='bbox 1028 3382 1112 3446; x_wconf 91' lang='lat' dir='ltr'><strong>batur,</strong></span> <span class='ocrx_word' id='word_1_817' title='bbox 1129 3396 1177 3448; x_wconf 91' lang='lat' dir='ltr'><strong>pro</strong></span> <span class='ocrx_word' id='word_1_818' title='bbox 1194 3380 1242 3431; x_wconf 91' lang='lat' dir='ltr'><strong>lite</strong></span> <span class='ocrx_word' id='word_1_819' title='bbox 1261 3387 1288 3431; x_wconf 90' lang='lat' dir='ltr'><strong>et</strong></span> <span class='ocrx_word' id='word_1_820' title='bbox 1304 3378 1450 3451; x_wconf 70' lang='lat' dir='ltr'><strong>sinidiciis,</strong></span> <span class='ocrx_word' id='word_1_821' title='bbox 1471 3376 1495 3427; x_wconf 92' lang='lat' dir='ltr'><strong>id</strong></span> <span class='ocrx_word' id='word_1_822' title='bbox 1516 3384 1565 3437; x_wconf 91' lang='lat' dir='ltr'><strong>est,</strong></span> <span class='ocrx_word' id='word_1_823' title='bbox 1584 3390 1631 3442; x_wconf 91' lang='lat' dir='ltr'><strong>pro</strong></span> <span class='ocrx_word' id='word_1_824' title='bbox 1650 3389 1680 3425; x_wconf 90' lang='lat' dir='ltr'><strong>re</strong></span> <span class='ocrx_word' id='word_1_825' title='bbox 1699 3381 1725 3425; x_wconf 91' lang='lat' dir='ltr'><strong>ct</strong></span> <span class='ocrx_word' id='word_1_826' title='bbox 1744 3371 1871 3423; x_wconf 80' lang='lat' dir='ltr'><strong>intctilrns</strong></span> <span class='ocrx_word' id='word_1_827' title='bbox 1884 3385 1941 3422; x_wconf 80' lang='lat' dir='ltr'><strong>sno</strong></span> 
     </span>
     <span class='ocr_line' id='line_1_100' title="bbox 1031 3456 1898 3538; baseline -0.015 -17"><span class='ocrx_word' id='word_1_828' title='bbox 1031 3483 1183 3537; x_wconf 82' lang='lat' dir='ltr'><strong>possessore</strong></span> <span class='ocrx_word' id='word_1_829' title='bbox 1202 3468 1308 3535; x_wconf 89' lang='lat' dir='ltr'><strong>petitori</strong></span> <span class='ocrx_word' id='word_1_830' title='bbox 1327 3465 1466 3538; x_wconf 72' lang='lat' dir='ltr'><strong>dabanltur</strong></span> <span class='ocrx_word' id='word_1_831' title='bbox 1486 3463 1604 3531; x_wconf 88' lang='lat' dir='ltr'><strong>praedes.</strong></span> <span class='ocrx_word' id='word_1_832' title='bbox 1626 3460 1633 3535; x_wconf 94' lang='grc' dir='ltr'><strong>Ι</strong></span> <span class='ocrx_word' id='word_1_833' title='bbox 1727 3461 1748 3532; x_wconf 90' lang='grc' dir='ltr'><strong>Ι.</strong></span> <span class='ocrx_word' id='word_1_834' title='bbox 1766 3458 1809 3510; x_wconf 90' lang='grc'><strong>95.</strong></span> <span class='ocrx_word' id='word_1_835' title='bbox 1846 3456 1898 3509; x_wconf 83' lang='lat' dir='ltr'><strong>Ce-</strong></span> 
     </span>
     <span class='ocr_line' id='line_1_101' title="bbox 1027 3544 1899 3622; baseline -0.015 -16"><span class='ocrx_word' id='word_1_836' title='bbox 1027 3563 1110 3607; x_wconf 89' lang='lat' dir='ltr'><strong>terum</strong></span> <span class='ocrx_word' id='word_1_837' title='bbox 1129 3556 1151 3605; x_wconf 90' lang='lat' dir='ltr'><strong>si</strong></span> <span class='ocrx_word' id='word_1_838' title='bbox 1171 3560 1232 3622; x_wconf 83' lang='lat' dir='ltr'><strong>aput</strong></span> <span class='ocrx_word' id='word_1_839' title='bbox 1250 3553 1423 3605; x_wconf 81' lang='lat' dir='ltr'><strong>centumviros</strong></span> <span class='ocrx_word' id='word_1_840' title='bbox 1434 3552 1527 3618; x_wconf 75' lang='lat' dir='ltr'><strong>agitur,</strong></span> <span class='ocrx_word' id='word_1_841' title='bbox 1547 3561 1670 3599; x_wconf 88' lang='lat' dir='ltr'><strong>summam</strong></span> <span class='ocrx_word' id='word_1_842' title='bbox 1685 3544 1833 3613; x_wconf 88' lang='lat' dir='ltr'><strong>sponsionis</strong></span> <span class='ocrx_word' id='word_1_843' title='bbox 1845 3556 1899 3594; x_wconf 91' lang='lat' dir='ltr'><strong>non</strong></span> 
     </span>
     <span class='ocr_line' id='line_1_102' title="bbox 1027 3634 1898 3715; baseline -0.016 -21"><span class='ocrx_word' id='word_1_844' title='bbox 1027 3658 1075 3710; x_wconf 89' lang='lat' dir='ltr'><strong>per</strong></span> <span class='ocrx_word' id='word_1_845' title='bbox 1094 3640 1101 3715; x_wconf 93' lang='grc' dir='ltr'><strong>Ι</strong></span> <span class='ocrx_word' id='word_1_846' title='bbox 1121 3640 1256 3693; x_wconf 76' lang='lat' dir='ltr'><strong>formulam</strong></span> <span class='ocrx_word' id='word_1_847' title='bbox 1275 3641 1405 3706; x_wconf 85' lang='lat' dir='ltr'><strong>patimus,</strong></span> <span class='ocrx_word' id='word_1_848' title='bbox 1427 3636 1474 3689; x_wconf 87' lang='lat' dir='ltr'><strong>sed</strong></span> <span class='ocrx_word' id='word_1_849' title='bbox 1494 3634 1627 3704; x_wconf 84' lang='lat' dir='ltr'><strong>perlegis</strong></span> <span class='ocrx_word' id='word_1_850' title='bbox 1646 3635 1790 3684; x_wconf 83' lang='lat' dir='ltr'><strong>actionemr</strong></span> <span class='ocrx_word' id='word_1_851' title='bbox 1809 3644 1898 3681; x_wconf 84' lang='lat' dir='ltr'><strong>sacru-</strong></span> 
     </span>
     <span class='ocr_line' id='line_1_103' title="bbox 1027 3717 1898 3800; baseline -0.018 -18"><span class='ocrx_word' id='word_1_852' title='bbox 1027 3737 1114 3783; x_wconf 89' lang='lat' dir='ltr'><strong>mcuto</strong></span> <span class='ocrx_word' id='word_1_853' title='bbox 1129 3731 1197 3781; x_wconf 90' lang='lat' dir='ltr'><strong>enim</strong></span> <span class='ocrx_word' id='word_1_854' title='bbox 1208 3729 1291 3800; x_wconf 73' lang='lat' dir='ltr'><strong>relius</strong></span> <span class='ocrx_word' id='word_1_855' title='bbox 1304 3740 1492 3796; x_wconf 82' lang='lat' dir='ltr'><strong>provocamus;</strong></span> <span class='ocrx_word' id='word_1_856' title='bbox 1507 3737 1591 3791; x_wconf 89' lang='lat' dir='ltr'><strong>eaque</strong></span> <span class='ocrx_word' id='word_1_857' title='bbox 1601 3721 1707 3788; x_wconf 89' lang='lat' dir='ltr'><strong>sponsio</strong></span> <span class='ocrx_word' id='word_1_858' title='bbox 1721 3717 1898 3771; x_wconf 88' lang='lat' dir='ltr'><strong>sestertiorum</strong></span> 
     </span>
     <span class='ocr_line' id='line_1_104' title="bbox 1029 3785 1977 3895; baseline -0.017 -27"><span class='ocrx_word' id='word_1_859' title='bbox 1029 3833 1096 3869; x_wconf 82' lang='lat' dir='ltr'><strong>cxxv</strong></span> <span class='ocrx_word' id='word_1_860' title='bbox 1106 3832 1266 3868; x_wconf 89' lang='lat' dir='ltr'><strong>nummorum</strong></span> <span class='ocrx_word' id='word_1_861' title='bbox 1286 3816 1323 3878; x_wconf 87' lang='lat' dir='ltr'><strong>lit,</strong></span> <span class='ocrx_word' id='word_1_862' title='bbox 1344 3813 1607 3886; x_wconf 77' lang='lat' dir='ltr'><strong>scilicet⁶⁵qpropter</strong></span> <span class='ocrx_word' id='word_1_863' title='bbox 1622 3806 1796 3874; x_wconf 85' lang='lat' dir='ltr'><strong>legem--</strong></span> <span class='ocrx_word' id='word_1_864' title='bbox 1807 3834 1842 3846; x_wconf 94' lang='lat'>-</span> <span class='ocrx_word' id='word_1_865' title='bbox 1852 3803 1895 3876; x_wconf 55' lang='lat'><strong>⁶⁶4</strong></span> <span class='ocrx_word' id='word_1_866' title='bbox 1905 3785 1977 3895; x_wconf 66' lang='lat'><strong>223⁸¹</strong></span> 
     </span>
     <span class='ocr_line' id='line_1_105' title="bbox 1028 3867 1983 3975; baseline -0.017 -20"><span class='ocrx_word' id='word_1_867' title='bbox 1028 3904 1049 3975; x_wconf 90' lang='grc' dir='ltr'><strong>Ι.</strong></span> <span class='ocrx_word' id='word_1_868' title='bbox 1062 3903 1106 3955; x_wconf 89' lang='grc'><strong>96.</strong></span> <span class='ocrx_word' id='word_1_869' title='bbox 1115 3904 1138 3942; x_wconf 75' lang='lat'><strong>⁶¹</strong></span> <span class='ocrx_word' id='word_1_870' title='bbox 1155 3903 1216 3970; x_wconf 87' lang='lat' dir='ltr'><strong>lpse</strong></span> <span class='ocrx_word' id='word_1_871' title='bbox 1234 3911 1329 3965; x_wconf 87' lang='lat' dir='ltr'><strong>antem,</strong></span> <span class='ocrx_word' id='word_1_872' title='bbox 1350 3901 1394 3968; x_wconf 91' lang='lat' dir='ltr'><strong>qui</strong></span> <span class='ocrx_word' id='word_1_873' title='bbox 1414 3901 1439 3949; x_wconf 91' lang='lat' dir='ltr'><strong>in</strong></span> <span class='ocrx_word' id='word_1_874' title='bbox 1457 3912 1512 3949; x_wconf 88' lang='lat' dir='ltr'><strong>rem</strong></span> <span class='ocrx_word' id='word_1_875' title='bbox 1530 3897 1593 3963; x_wconf 83' lang='lat' dir='ltr'><strong>agit,</strong></span> <span class='ocrx_word' id='word_1_876' title='bbox 1611 3895 1633 3945; x_wconf 88' lang='lat' dir='ltr'><strong>si</strong></span> <span class='ocrx_word' id='word_1_877' title='bbox 1651 3907 1699 3944; x_wconf 89' lang='lat' dir='ltr'><strong>sno</strong></span> <span class='ocrx_word' id='word_1_878' title='bbox 1714 3891 1820 3943; x_wconf 89' lang='lat' dir='ltr'><strong>nomine</strong></span> <span class='ocrx_word' id='word_1_879' title='bbox 1834 3890 1896 3956; x_wconf 72' lang='lat' dir='ltr'><strong>agit,</strong></span> <span class='ocrx_word' id='word_1_880' title='bbox 1909 3867 1957 3916; x_wconf 78' lang='lat'><strong>¹⁰5</strong></span> <span class='ocrx_word' id='word_1_881' title='bbox 1975 3899 1983 3916; x_wconf 91' lang='lat'><strong>·</strong></span> 
     </span>
     <span class='ocr_line' id='line_1_106' title="bbox 1028 3977 1896 4057; baseline -0.018 -17"><span class='ocrx_word' id='word_1_882' title='bbox 1028 3991 1090 4040; x_wconf 90' lang='lat' dir='ltr'><strong>satis</strong></span> <span class='ocrx_word' id='word_1_883' title='bbox 1111 4004 1163 4041; x_wconf 94' lang='lat' dir='ltr'><strong>non</strong></span> <span class='ocrx_word' id='word_1_884' title='bbox 1185 3988 1236 4040; x_wconf 89' lang='lat' dir='ltr'><strong>dat.</strong></span> <span class='ocrx_word' id='word_1_885' title='bbox 1364 3987 1385 4057; x_wconf 82' lang='grc' dir='ltr'><strong>Ι.</strong></span> <span class='ocrx_word' id='word_1_886' title='bbox 1405 3984 1448 4037; x_wconf 91' lang='grc'>97.</span> <span class='ocrx_word' id='word_1_887' title='bbox 1484 3984 1610 4050; x_wconf 72' lang='lat' dir='ltr'><strong>Aetnae</strong></span> <span class='ocrx_word' id='word_1_888' title='bbox 1629 3981 1650 4031; x_wconf 92' lang='lat' dir='ltr'><strong>si</strong></span> <span class='ocrx_word' id='word_1_889' title='bbox 1669 3977 1896 4046; x_wconf 80' lang='lat' dir='ltr'><strong>percognitorem</strong></span> 
     </span>
     <span class='ocr_line' id='line_1_107' title="bbox 1027 4060 1897 4146; baseline -0.021 -18"><span class='ocrx_word' id='word_1_890' title='bbox 1027 4076 1132 4146; x_wconf 91' lang='lat' dir='ltr'><strong>quidem</strong></span> <span class='ocrx_word' id='word_1_891' title='bbox 1154 4082 1261 4143; x_wconf 80' lang='lat' dir='ltr'><strong>agatur,</strong></span> <span class='ocrx_word' id='word_1_892' title='bbox 1286 4073 1341 4125; x_wconf 90' lang='lat' dir='ltr'><strong>ullu</strong></span> <span class='ocrx_word' id='word_1_893' title='bbox 1360 4070 1495 4124; x_wconf 88' lang='lat' dir='ltr'><strong>satisdatio</strong></span> <span class='ocrx_word' id='word_1_894' title='bbox 1514 4068 1558 4122; x_wconf 81' lang='lat' dir='ltr'><strong>acl</strong></span> <span class='ocrx_word' id='word_1_895' title='bbox 1576 4067 1608 4118; x_wconf 90' lang='lat' dir='ltr'><strong>ab</strong></span> <span class='ocrx_word' id='word_1_896' title='bbox 1627 4069 1704 4132; x_wconf 93' lang='lat' dir='ltr'><strong>ipso,</strong></span> <span class='ocrx_word' id='word_1_897' title='bbox 1724 4064 1730 4136; x_wconf 94' lang='grc' dir='ltr'><strong>Ι</strong></span> <span class='ocrx_word' id='word_1_898' title='bbox 1752 4062 1795 4113; x_wconf 81' lang='lat' dir='ltr'><strong>uel</strong></span> <span class='ocrx_word' id='word_1_899' title='bbox 1814 4076 1830 4112; x_wconf 88' lang='lat' dir='ltr'><strong>a</strong></span> <span class='ocrx_word' id='word_1_900' title='bbox 1847 4060 1897 4111; x_wconf 91' lang='lat' dir='ltr'><strong>da·</strong></span> 
     </span>
    </p>
   </div>
   <div class='ocr_carea' id='block_1_11' title="bbox 1025 4351 1894 5543">
    <p class='ocr_par' dir='ltr' id='par_1_12' title="bbox 1030 4351 1894 4650">
     <span class='ocr_line' id='line_1_108' title="bbox 1030 4351 1893 4436; baseline -0.019 -16"><span class='ocrx_word' id='word_1_901' title='bbox 1030 4368 1196 4431; x_wconf 88' lang='lat' dir='ltr'><strong>mandatum,</strong></span> <span class='ocrx_word' id='word_1_902' title='bbox 1224 4383 1303 4436; x_wconf 73' lang='lat' dir='ltr'><strong>apere</strong></span> <span class='ocrx_word' id='word_1_903' title='bbox 1321 4374 1406 4416; x_wconf 84' lang='lat' dir='ltr'><strong>tumen</strong></span> <span class='ocrx_word' id='word_1_904' title='bbox 1421 4376 1512 4431; x_wconf 87' lang='lat' dir='ltr'><strong>posse,</strong></span> <span class='ocrx_word' id='word_1_905' title='bbox 1530 4358 1563 4408; x_wconf 86' lang='lat' dir='ltr'><strong>do</strong></span> <span class='ocrx_word' id='word_1_906' title='bbox 1583 4358 1731 4409; x_wconf 90' lang='lat' dir='ltr'><strong>coniectura</strong></span> <span class='ocrx_word' id='word_1_907' title='bbox 1749 4351 1893 4404; x_wconf 85' lang='lat' dir='ltr'><strong>Niebulrrii.</strong></span> 
     </span>
     <span class='ocr_line' id='line_1_109' title="bbox 1030 4423 1894 4505; baseline -0.02 -14"><span class='ocrx_word' id='word_1_908' title='bbox 1030 4439 1080 4492; x_wconf 89' lang='lat' dir='ltr'><strong>Sed</strong></span> <span class='ocrx_word' id='word_1_909' title='bbox 1100 4442 1121 4490; x_wconf 93' lang='lat' dir='ltr'><strong>si</strong></span> <span class='ocrx_word' id='word_1_910' title='bbox 1142 4439 1225 4505; x_wconf 89' lang='lat' dir='ltr'><strong>spatia</strong></span> <span class='ocrx_word' id='word_1_911' title='bbox 1243 4438 1387 4489; x_wconf 85' lang='lat' dir='ltr'><strong>accuratius</strong></span> <span class='ocrx_word' id='word_1_912' title='bbox 1418 4431 1578 4483; x_wconf 82' lang='lat' dir='ltr'><strong>taxabimus.</strong></span> <span class='ocrx_word' id='word_1_913' title='bbox 1604 4428 1670 4479; x_wconf 86' lang='lat' dir='ltr'><strong>haee</strong></span> <span class='ocrx_word' id='word_1_914' title='bbox 1693 4429 1719 4477; x_wconf 92' lang='lat' dir='ltr'><strong>in</strong></span> <span class='ocrx_word' id='word_1_915' title='bbox 1743 4423 1806 4474; x_wconf 86' lang='lat' dir='ltr'><strong>Cod.</strong></span> <span class='ocrx_word' id='word_1_916' title='bbox 1825 4424 1894 4474; x_wconf 84' lang='lat' dir='ltr'><strong>lecta</strong></span> 
     </span>
     <span class='ocr_line' id='line_1_110' title="bbox 1030 4494 1893 4576; baseline -0.017 -16"><span class='ocrx_word' id='word_1_917' title='bbox 1030 4525 1089 4560; x_wconf 85' lang='lat' dir='ltr'><strong>esse</strong></span> <span class='ocrx_word' id='word_1_918' title='bbox 1107 4509 1232 4572; x_wconf 90' lang='lat' dir='ltr'><strong>dicemus,</strong></span> <span class='ocrx_word' id='word_1_919' title='bbox 1250 4508 1364 4576; x_wconf 59' lang='lat' dir='ltr'><strong>plcressr</strong></span> <span class='ocrx_word' id='word_1_920' title='bbox 1381 4503 1411 4574; x_wconf 84' lang='lat' dir='ltr'><strong>(i.</strong></span> <span class='ocrx_word' id='word_1_921' title='bbox 1431 4517 1454 4554; x_wconf 83' lang='lat' dir='ltr'><strong>e.</strong></span> <span class='ocrx_word' id='word_1_922' title='bbox 1476 4501 1619 4572; x_wconf 73' lang='lat' dir='ltr'><strong>poteratur)</strong></span> <span class='ocrx_word' id='word_1_923' title='bbox 1644 4494 1856 4568; x_wconf 63' lang='lat' dir='ltr'><strong>ursinusque</strong></span> <span class='ocrx_word' id='word_1_924' title='bbox 1875 4494 1893 4545; x_wconf 82' lang='lat' dir='ltr'><strong>lt</strong></span> 
     </span>
     <span class='ocr_line' id='line_1_111' title="bbox 1030 4565 1818 4650; baseline -0.015 -22"><span class='ocrx_word' id='word_1_925' title='bbox 1030 4595 1076 4644; x_wconf 90' lang='lat' dir='ltr'><strong>pro</strong></span> <span class='ocrx_word' id='word_1_926' title='bbox 1091 4579 1156 4650; x_wconf 64' lang='lat' dir='ltr'><strong>ripn</strong></span> <span class='ocrx_word' id='word_1_927' title='bbox 1174 4593 1217 4642; x_wconf 72' lang='lat' dir='ltr'><strong>3an</strong></span> <span class='ocrx_word' id='word_1_928' title='bbox 1237 4575 1361 4650; x_wconf 68' lang='lat' dir='ltr'><strong>espiripi</strong></span> <span class='ocrx_word' id='word_1_929' title='bbox 1394 4574 1412 4624; x_wconf 93' lang='lat' dir='ltr'><strong>i.</strong></span> <span class='ocrx_word' id='word_1_930' title='bbox 1431 4587 1454 4623; x_wconf 91' lang='lat' dir='ltr'><strong>o.</strong></span> <span class='ocrx_word' id='word_1_931' title='bbox 1475 4571 1585 4638; x_wconf 81' lang='lat' dir='ltr'><strong>experiri</strong></span> <span class='ocrx_word' id='word_1_932' title='bbox 1601 4576 1687 4636; x_wconf 88' lang='lat' dir='ltr'><strong>potest</strong></span> <span class='ocrx_word' id='word_1_933' title='bbox 1698 4565 1735 4640; x_wconf 78' lang='grc'>1)]</span> <span class='ocrx_word' id='word_1_934' title='bbox 1815 4637 1818 4644; x_wconf 31' lang='grc' dir='ltr'>Ι</span> 
     </span>
    </p>

    <p class='ocr_par' dir='ltr' id='par_1_13' title="bbox 1025 4631 1891 5543">
     <span class='ocr_line' id='line_1_112' title="bbox 1030 4631 1890 4768; baseline -0.022 -67"><span class='ocrx_word' id='word_1_935' title='bbox 1030 4649 1076 4711; x_wconf 91' lang='grc'><strong>56)</strong></span> <span class='ocrx_word' id='word_1_936' title='bbox 1085 4650 1106 4720; x_wconf 90' lang='grc' dir='ltr'><strong>Ι.</strong></span> <span class='ocrx_word' id='word_1_937' title='bbox 1118 4653 1174 4713; x_wconf 69' lang='lat' dir='ltr'><strong>iti.</strong></span> <span class='ocrx_word' id='word_1_938' title='bbox 1184 4665 1223 4715; x_wconf 86' lang='lat' dir='ltr'><strong>sq.</strong></span> <span class='ocrx_word' id='word_1_939' title='bbox 1276 4649 1324 4768; x_wconf 66' lang='lat' dir='ltr'><strong>big</strong></span> <span class='ocrx_word' id='word_1_940' title='bbox 1338 4645 1392 4715; x_wconf 86' lang='grc' dir='ltr'>ΙΕ6.</span> <span class='ocrx_word' id='word_1_941' title='bbox 1402 4658 1443 4695; x_wconf 69' lang='lat' dir='ltr'><strong>s:</strong></span> <span class='ocrx_word' id='word_1_942' title='bbox 1464 4645 1527 4706; x_wconf 75' lang='lat' dir='ltr'><strong>agit,</strong></span> <span class='ocrx_word' id='word_1_943' title='bbox 1537 4641 1661 4691; x_wconf 84' lang='lat' dir='ltr'><strong>satisdare</strong></span> <span class='ocrx_word' id='word_1_944' title='bbox 1671 4638 1806 4719; x_wconf 53' lang='lat' dir='ltr'><strong>(capitur).</strong></span> <span class='ocrx_word' id='word_1_945' title='bbox 1827 4631 1890 4715; x_wconf 82' lang='lat' dir='ltr'><strong>Cod.</strong></span> 
     </span>
     <span class='ocr_line' id='line_1_113' title="bbox 1029 4703 1890 4793; baseline -0.021 -24"><span class='ocrx_word' id='word_1_946' title='bbox 1029 4728 1090 4787; x_wconf 74' lang='lat' dir='ltr'><strong>ceput</strong></span> <span class='ocrx_word' id='word_1_947' title='bbox 1101 4720 1237 4791; x_wconf 77' lang='lat' dir='ltr'><strong>satisdare}</strong></span> <span class='ocrx_word' id='word_1_948' title='bbox 1289 4719 1304 4770; x_wconf 84' lang='lat'>5</span> <span class='ocrx_word' id='word_1_949' title='bbox 1323 4716 1497 4787; x_wconf 82' lang='lat' dir='ltr'><strong>)utsirictus</strong></span> <span class='ocrx_word' id='word_1_950' title='bbox 1516 4721 1575 4772; x_wconf 81' lang='lat' dir='ltr'><strong>etc,</strong></span> <span class='ocrx_word' id='word_1_951' title='bbox 1592 4712 1654 4760; x_wconf 89' lang='lat' dir='ltr'><strong>item</strong></span> <span class='ocrx_word' id='word_1_952' title='bbox 1665 4711 1699 4780; x_wconf 86' lang='grc' dir='ltr'><strong>ΙΙ.</strong></span> <span class='ocrx_word' id='word_1_953' title='bbox 1710 4724 1805 4793; x_wconf 63' lang='lat' dir='ltr'><strong>qqqr.</strong></span> <span class='ocrx_word' id='word_1_954' title='bbox 1834 4703 1890 4791; x_wconf 70' lang='lat' dir='ltr'><strong>vid,</strong></span> 
     </span>
     <span class='ocr_line' id='line_1_114' title="bbox 1026 4775 1883 4855; baseline -0.022 -15"><span class='ocrx_word' id='word_1_955' title='bbox 1026 4791 1092 4855; x_wconf 92' lang='lat' dir='ltr'><strong>pr.l.</strong></span> <span class='ocrx_word' id='word_1_956' title='bbox 1113 4789 1145 4839; x_wconf 91' lang='lat' dir='ltr'><strong>dc</strong></span> <span class='ocrx_word' id='word_1_957' title='bbox 1164 4790 1277 4840; x_wconf 85' lang='lat' dir='ltr'><strong>satisdat.</strong></span> <span class='ocrx_word' id='word_1_958' title='bbox 1354 4786 1400 4843; x_wconf 90' lang='grc'>59)</span> <span class='ocrx_word' id='word_1_959' title='bbox 1419 4799 1540 4834; x_wconf 85' lang='lat' dir='ltr'><strong>uecrem</strong></span> <span class='ocrx_word' id='word_1_960' title='bbox 1566 4782 1608 4833; x_wconf 86' lang='lat' dir='ltr'><strong>Sic</strong></span> <span class='ocrx_word' id='word_1_961' title='bbox 1629 4779 1690 4831; x_wconf 89' lang='lat' dir='ltr'><strong>lust.</strong></span> <span class='ocrx_word' id='word_1_962' title='bbox 1728 4775 1883 4855; x_wconf 67' lang='lat' dir='ltr'><strong>bodremn</strong></span> 
     </span>
     <span class='ocr_line' id='line_1_115' title="bbox 1026 4842 1889 4932; baseline -0.027 -21"><span class='ocrx_word' id='word_1_963' title='bbox 1026 4860 1074 4925; x_wconf 90' lang='grc'><strong>60)</strong></span> <span class='ocrx_word' id='word_1_964' title='bbox 1088 4859 1193 4927; x_wconf 72' lang='lat' dir='ltr'><strong>[uoltu.</strong></span> <span class='ocrx_word' id='word_1_965' title='bbox 1204 4862 1305 4928; x_wconf 58' lang='lat' dir='ltr'><strong>curn]</strong></span> <span class='ocrx_word' id='word_1_966' title='bbox 1387 4855 1436 4922; x_wconf 89' lang='grc'><strong>61)</strong></span> <span class='ocrx_word' id='word_1_967' title='bbox 1449 4853 1505 4922; x_wconf 83' lang='lat' dir='ltr'><strong>[Ed.</strong></span> <span class='ocrx_word' id='word_1_968' title='bbox 1514 4869 1557 4901; x_wconf 70' lang='lat' dir='ltr'><strong>m:</strong></span> <span class='ocrx_word' id='word_1_969' title='bbox 1577 4851 1643 4919; x_wconf 80' lang='lat' dir='ltr'><strong>ilari]</strong></span> <span class='ocrx_word' id='word_1_970' title='bbox 1720 4846 1770 4913; x_wconf 82' lang='lat'><strong>62)</strong></span> <span class='ocrx_word' id='word_1_971' title='bbox 1782 4842 1839 4932; x_wconf 67' lang='lat' dir='ltr'><strong>[lud.</strong></span> <span class='ocrx_word' id='word_1_972' title='bbox 1852 4856 1889 4894; x_wconf 84' lang='lat' dir='ltr'><strong>s.:</strong></span> 
     </span>
     <span class='ocr_line' id='line_1_116' title="bbox 1025 4911 1888 4995; baseline -0.025 -14"><span class='ocrx_word' id='word_1_973' title='bbox 1025 4930 1089 4993; x_wconf 82' lang='lat' dir='ltr'><strong>llec,</strong></span> <span class='ocrx_word' id='word_1_974' title='bbox 1114 4939 1202 4981; x_wconf 89' lang='lat' dir='ltr'><strong>contra</strong></span> <span class='ocrx_word' id='word_1_975' title='bbox 1219 4930 1295 4980; x_wconf 80' lang='lat' dir='ltr'><strong>lidum</strong></span> <span class='ocrx_word' id='word_1_976' title='bbox 1316 4925 1440 4994; x_wconf 84' lang='lat' dir='ltr'><strong>Codicis]</strong></span> <span class='ocrx_word' id='word_1_977' title='bbox 1498 4922 1546 4991; x_wconf 84' lang='grc'><strong>63)</strong></span> <span class='ocrx_word' id='word_1_978' title='bbox 1570 4921 1748 4991; x_wconf 71' lang='grc' dir='ltr'><strong>[1)(1,α.;ηοη</strong></span> <span class='ocrx_word' id='word_1_979' title='bbox 1782 4911 1888 4995; x_wconf 68' lang='lat' dir='ltr'><strong>¹bedu]</strong></span> 
     </span>
     <span class='ocr_line' id='line_1_117' title="bbox 1026 4992 1891 5067; baseline -0.029 -14"><span class='ocrx_word' id='word_1_980' title='bbox 1026 4999 1061 5050; x_wconf 77' lang='grc'><strong>61</strong></span> <span class='ocrx_word' id='word_1_981' title='bbox 1098 4999 1172 5067; x_wconf 85' lang='lat' dir='ltr'><strong>[Cod.</strong></span> <span class='ocrx_word' id='word_1_982' title='bbox 1194 5015 1208 5067; x_wconf 87' lang='lat' dir='ltr'><strong>q</strong></span> <span class='ocrx_word' id='word_1_983' title='bbox 1242 4999 1289 5050; x_wconf 87' lang='lat' dir='ltr'><strong>Ed.</strong></span> <span class='ocrx_word' id='word_1_984' title='bbox 1300 5014 1340 5050; x_wconf 67' lang='grc' dir='ltr'><strong>α.)</strong></span> <span class='ocrx_word' id='word_1_985' title='bbox 1360 4998 1420 5064; x_wconf 91' lang='lat' dir='ltr'><strong>qui,</strong></span> <span class='ocrx_word' id='word_1_986' title='bbox 1445 4995 1540 5044; x_wconf 84' lang='lat' dir='ltr'><strong>omisso</strong></span> <span class='ocrx_word' id='word_1_987' title='bbox 1558 4994 1584 5042; x_wconf 91' lang='lat' dir='ltr'><strong>in</strong></span> <span class='ocrx_word' id='word_1_988' title='bbox 1606 4992 1656 5040; x_wconf 88' lang='lat' dir='ltr'><strong>line</strong></span> <span class='ocrx_word' id='word_1_989' title='bbox 1678 4992 1822 5065; x_wconf 80' lang='lat' dir='ltr'><strong>sententiae</strong></span> <span class='ocrx_word' id='word_1_990' title='bbox 1842 4996 1891 5029; x_wconf 84' lang='lat' dir='ltr'><strong>vo-</strong></span> 
     </span>
     <span class='ocr_line' id='line_1_118' title="bbox 1027 5006 1890 5139; baseline -0.025 -19"><span class='ocrx_word' id='word_1_991' title='bbox 1027 5006 1119 5120; x_wconf 73' lang='lat' dir='ltr'><strong>cndulo</strong></span> <span class='ocrx_word' id='word_1_992' title='bbox 1135 5070 1255 5139; x_wconf 84' lang='lat' dir='ltr'><strong>praedes.</strong></span> <span class='ocrx_word' id='word_1_993' title='bbox 1290 5067 1420 5135; x_wconf 82' lang='lat' dir='ltr'><strong>Repetitio</strong></span> <span class='ocrx_word' id='word_1_994' title='bbox 1439 5063 1629 5115; x_wconf 87' lang='lat' dir='ltr'><strong>coniunctionis</strong></span> <span class='ocrx_word' id='word_1_995' title='bbox 1650 5059 1712 5124; x_wconf 83' lang='lat' dir='ltr'><strong>quin</strong></span> <span class='ocrx_word' id='word_1_996' title='bbox 1730 5055 1890 5136; x_wconf 65' lang='lat' dir='ltr'><strong>(ieronimu-</strong></span> 
     </span>
     <span class='ocr_line' id='line_1_119' title="bbox 1025 5121 1888 5206; baseline -0.023 -17"><span class='ocrx_word' id='word_1_997' title='bbox 1025 5141 1061 5190; x_wconf 87' lang='lat' dir='ltr'><strong>ris</strong></span> <span class='ocrx_word' id='word_1_998' title='bbox 1079 5147 1127 5191; x_wconf 87' lang='lat' dir='ltr'><strong>est.</strong></span> <span class='ocrx_word' id='word_1_999' title='bbox 1164 5139 1265 5201; x_wconf 81' lang='lat' dir='ltr'><strong>vidit,</strong></span> <span class='ocrx_word' id='word_1_1000' title='bbox 1276 5143 1317 5204; x_wconf 76' lang='grc'>5.).</span> <span class='ocrx_word' id='word_1_1001' title='bbox 1330 5145 1371 5206; x_wconf 71' lang='lat' dir='ltr'><strong>tq.</strong></span> <span class='ocrx_word' id='word_1_1002' title='bbox 1391 5143 1417 5187; x_wconf 90' lang='lat' dir='ltr'><strong>ct</strong></span> <span class='ocrx_word' id='word_1_1003' title='bbox 1434 5135 1461 5185; x_wconf 84' lang='lat' dir='ltr'><strong>l..</strong></span> <span class='ocrx_word' id='word_1_1004' title='bbox 1478 5140 1519 5203; x_wconf 80' lang='lat' dir='ltr'><strong>pii.</strong></span> <span class='ocrx_word' id='word_1_1005' title='bbox 1537 5135 1565 5185; x_wconf 88' lang='lat' dir='ltr'><strong>l).</strong></span> <span class='ocrx_word' id='word_1_1006' title='bbox 1579 5132 1612 5182; x_wconf 90' lang='lat' dir='ltr'><strong>ad</strong></span> <span class='ocrx_word' id='word_1_1007' title='bbox 1632 5129 1716 5193; x_wconf 78' lang='lat' dir='ltr'><strong>legem</strong></span> <span class='ocrx_word' id='word_1_1008' title='bbox 1737 5121 1888 5189; x_wconf 79' lang='lat' dir='ltr'><strong>balcrdraru]</strong></span> 
     </span>
     <span class='ocr_line' id='line_1_120' title="bbox 1026 5190 1890 5278; baseline -0.027 -16"><span class='ocrx_word' id='word_1_1009' title='bbox 1026 5209 1073 5276; x_wconf 86' lang='grc'><strong>65)</strong></span> <span class='ocrx_word' id='word_1_1010' title='bbox 1097 5209 1173 5278; x_wconf 82' lang='grc'>[606.</span> <span class='ocrx_word' id='word_1_1011' title='bbox 1193 5210 1270 5261; x_wconf 87' lang='lat' dir='ltr'><strong>babet</strong></span> <span class='ocrx_word' id='word_1_1012' title='bbox 1287 5209 1360 5271; x_wconf 90' lang='lat' dir='ltr'><strong>iere,</strong></span> <span class='ocrx_word' id='word_1_1013' title='bbox 1379 5209 1408 5273; x_wconf 80' lang='lat' dir='ltr'><strong>fit</strong></span> <span class='ocrx_word' id='word_1_1014' title='bbox 1424 5205 1477 5257; x_wconf 84' lang='lat' dir='ltr'><strong>sole</strong></span> <span class='ocrx_word' id='word_1_1015' title='bbox 1494 5204 1537 5254; x_wconf 85' lang='lat' dir='ltr'><strong>vcl</strong></span> <span class='ocrx_word' id='word_1_1016' title='bbox 1552 5205 1582 5270; x_wconf 77' lang='grc' dir='ltr'><strong>Ιῑ)</strong></span> <span class='ocrx_word' id='word_1_1017' title='bbox 1597 5199 1679 5258; x_wconf 86' lang='lat' dir='ltr'><strong>solet,</strong></span> <span class='ocrx_word' id='word_1_1018' title='bbox 1707 5197 1723 5245; x_wconf 89' lang='lat' dir='ltr'><strong>l.</strong></span> <span class='ocrx_word' id='word_1_1019' title='bbox 1742 5209 1764 5244; x_wconf 89' lang='lat' dir='ltr'><strong>e.</strong></span> <span class='ocrx_word' id='word_1_1020' title='bbox 1780 5195 1809 5257; x_wconf 77' lang='lat' dir='ltr'><strong>fit</strong></span> <span class='ocrx_word' id='word_1_1021' title='bbox 1828 5190 1890 5241; x_wconf 85' lang='lat' dir='ltr'><strong>scic.</strong></span> 
     </span>
     <span class='ocr_line' id='line_1_121' title="bbox 1025 5260 1891 5347; baseline -0.024 -17"><span class='ocrx_word' id='word_1_1022' title='bbox 1025 5278 1068 5330; x_wconf 83' lang='lat' dir='ltr'><strong>vel</strong></span> <span class='ocrx_word' id='word_1_1023' title='bbox 1088 5280 1116 5330; x_wconf 89' lang='lat' dir='ltr'><strong>lit</strong></span> <span class='ocrx_word' id='word_1_1024' title='bbox 1134 5281 1198 5332; x_wconf 84' lang='lat' dir='ltr'><strong>sciet</strong></span> <span class='ocrx_word' id='word_1_1025' title='bbox 1233 5278 1333 5335; x_wconf 64' lang='lat' dir='ltr'><strong>Eds:</strong></span> <span class='ocrx_word' id='word_1_1026' title='bbox 1352 5279 1410 5328; x_wconf 82' lang='lat' dir='ltr'><strong>fieri</strong></span> <span class='ocrx_word' id='word_1_1027' title='bbox 1426 5275 1514 5343; x_wconf 82' lang='lat' dir='ltr'><strong>solet]</strong></span> <span class='ocrx_word' id='word_1_1028' title='bbox 1640 5265 1688 5333; x_wconf 87' lang='grc'><strong>66)</strong></span> <span class='ocrx_word' id='word_1_1029' title='bbox 1702 5262 1800 5347; x_wconf 64' lang='grc'>561166.</span> <span class='ocrx_word' id='word_1_1030' title='bbox 1819 5260 1891 5331; x_wconf 80' lang='lat' dir='ltr'><strong>c(vel</strong></span> 
     </span>
     <span class='ocr_line' id='line_1_122' title="bbox 1026 5330 1889 5419; baseline -0.024 -18"><span class='ocrx_word' id='word_1_1031' title='bbox 1026 5352 1186 5419; x_wconf 77' lang='lat' dir='ltr'><strong>9)repertons</strong></span> <span class='ocrx_word' id='word_1_1032' title='bbox 1235 5350 1271 5400; x_wconf 85' lang='lat' dir='ltr'><strong>lll.</strong></span> <span class='ocrx_word' id='word_1_1033' title='bbox 1292 5347 1426 5416; x_wconf 72' lang='lat' dir='ltr'><strong>erepsuvel</strong></span> <span class='ocrx_word' id='word_1_1034' title='bbox 1440 5355 1532 5414; x_wconf 60' lang='lat' dir='ltr'><strong>quarn</strong></span> <span class='ocrx_word' id='word_1_1035' title='bbox 1573 5337 1656 5391; x_wconf 89' lang='lat' dir='ltr'><strong>Blnrn.</strong></span> <span class='ocrx_word' id='word_1_1036' title='bbox 1677 5333 1762 5386; x_wconf 74' lang='lat' dir='ltr'><strong>ussus.</strong></span> <span class='ocrx_word' id='word_1_1037' title='bbox 1783 5330 1889 5384; x_wconf 83' lang='lat' dir='ltr'><strong>Uuterlr.</strong></span> 
     </span>
     <span class='ocr_line' id='line_1_123' title="bbox 1025 5401 1891 5541; baseline -0.023 -70"><span class='ocrx_word' id='word_1_1038' title='bbox 1025 5420 1173 5541; x_wconf 50' lang='lat' dir='ltr'><strong>Papia-inm,</strong></span> <span class='ocrx_word' id='word_1_1039' title='bbox 1203 5418 1318 5473; x_wconf 81' lang='lat' dir='ltr'><strong>ilnsclrls.</strong></span> <span class='ocrx_word' id='word_1_1040' title='bbox 1339 5419 1505 5488; x_wconf 80' lang='lat' dir='ltr'><strong>Crepereiam</strong></span> <span class='ocrx_word' id='word_1_1041' title='bbox 1604 5407 1653 5476; x_wconf 85' lang='grc'><strong>67)</strong></span> <span class='ocrx_word' id='word_1_1042' title='bbox 1672 5404 1712 5458; x_wconf 78' lang='lat' dir='ltr'><strong>Ol.</strong></span> <span class='ocrx_word' id='word_1_1043' title='bbox 1732 5420 1753 5457; x_wconf 91' lang='lat' dir='ltr'><strong>c.</strong></span> <span class='ocrx_word' id='word_1_1044' title='bbox 1772 5402 1839 5470; x_wconf 76' lang='lat' dir='ltr'><strong>pul.</strong></span> <span class='ocrx_word' id='word_1_1045' title='bbox 1858 5401 1891 5452; x_wconf 91' lang='lat' dir='ltr'><strong>de</strong></span> 
     </span>
     <span class='ocr_line' id='line_1_124' title="bbox 1025 5491 1139 5543; baseline 0 -1"><span class='ocrx_word' id='word_1_1046' title='bbox 1025 5491 1086 5542; x_wconf 88' lang='lat' dir='ltr'><strong>satis</strong></span> <span class='ocrx_word' id='word_1_1047' title='bbox 1105 5496 1139 5543; x_wconf 88' lang='lat' dir='ltr'><strong>at.</strong></span> 
     </span>
    </p>
   </div>
   <div class='ocr_carea' id='block_1_12' title="bbox 0 0 2286 6562">
    <p class='ocr_par' dir='ltr' id='par_1_14' title="bbox 0 0 2286 6562">
     <span class='ocr_line' id='line_1_125' title="bbox 0 0 2286 6562; baseline 0 0"><span class='ocrx_word' id='word_1_1048' title='bbox 0 0 2286 6562; x_wconf 95' lang='lat' dir='ltr'><strong> </strong></span> 
     </span>
    </p>
   </div>
  </div>
 </body>
</html>
