4560 6562
100 362 166 444 m·
234 361 358 438 nnn
382 355 561 431 rrumr
585 349 691 427 uec.
715 349 848 426 suun
874 345 964 421 mn.
988 312 1193 420 succum.
1217 340 1399 433 rvris
1428 339 1637 416 12...x1x.
1661 341 1697 432 g.
1727 348 1760 416 7.
1824 338 1890 413 *73

98 560 153 610 teri
167 557 237 608 vitio
257 553 372 622 ingerit,
392 564 448 600 nou
467 554 573 598 tuntum
591 542 708 612 pretium
727 538 905 603 deminuam,
920 534 969 590 ted

101 654 130 697 et
153 660 204 706 ea,
223 656 294 711 quae
315 653 366 706 per
385 635 474 704 iugum
488 634 510 669 ¹⁹
526 630 651 692 abstulit,
670 628 784 681 reddere
798 633 917 696 cogetur.

98 735 124 799 6.
148 749 187 784 rn.
211 725 250 799 [ι]
295 719 448 778 Heredibus
474 717 610 771 debitoris
634 713 764 768 adversus
790 709 967 776 creditorem,

98 819 149 890 qui
165 816 286 884 pignora
303 810 351 863 vel
365 807 487 880 fiducias
505 800 656 866 distraxit,
675 801 756 854 nullo
775 802 849 854 actio
867 796 967 862 datur,

99 903 159 956 nisi
175 918 193 953 a
210 909 340 952 testatore
359 892 492 948 ineboata
511 888 550 943 ad
566 905 611 942 eos
630 888 793 941 transmissa
810 885 855 943 sit.

1018 534 1095 604 erb.
1115 527 1296 586 Incondueto
1306 529 1402 598 fundo
1421 530 1447 585 si
1464 529 1616 586 conductor
1624 546 1675 583 sua
1686 545 1771 600 opero
1780 528 1893 600 aliquid

1018 620 1176 674 necessario
1199 617 1247 670 vel
1273 618 1383 671 utiliter
1413 619 1526 670 auxerit
1552 617 1601 670 vel
1627 615 1821 687 aedificaverit
1844 616 1892 666 aet

1019 706 1185 766 instituerit,
1204 719 1263 755 eum
1284 701 1316 755 id
1331 713 1392 757 non'
1409 704 1591 766 convenisset,
1611 700 1651 755 ad
1667 700 1829 773 recipienda
1844 717 1890 763 sa,

1018 809 1092 867 quae
1109 787 1259 861 impendit,
1289 805 1324 842 esc
1344 787 1479 845 conducto
1498 805 1558 841 cum
1577 787 1688 840 domino
1697 785 1790 858 sandi
1807 801 1889 854 erps-

1018 877 1075 933 rt‘ri
1089 886 1188 944 potest.
1277 877 1301 944 §.
1323 889 1360 928 rc.
1398 875 1453 941 Qui
1472 886 1573 927 eontra
1590 873 1676 943 legem
1695 870 1891 926 conductionis

98 991 126 1055 q,
148 987 220 1039 ,3,20
254 982 321 1034 cum
339 979 468 1049 probatio
487 977 587 1045 prioris
609 972 689 1040 logne
707 971 880 1033 deiecerit²¹,
897 970 968 1026 servi
1009 962 1133 1036 fiendum
1151 972 1216 1015 ante
1238 972 1343 1030 tempus
1361 960 1421 1013 sine
1440 961 1514 1012 iusta
1531 951 1565 1012 nc
1581 957 1722 1030 probabili
1740 974 1825 1012 eausa
1842 957 1892 1010 cla·

101 1070 274 1141 responsioni
289 1069 312 1102 ²²
332 1062 498 1118 eredendum
519 1068 578 1113 ert:
606 1059 635 1111 in
654 1074 684 1111 se
703 1060 776 1110 enim
798 1056 970 1125 interrogari,

99 1174 156 1211 non
173 1172 224 1226 pto
246 1154 358 1206 domino
378 1151 473 1202 autin
492 1136 776 1206 dominumvidetur.
830 1145 854 1211 §.
876 1141 915 1209 ri.
935 1143 968 1195 ln

100 1261 133 1295 eo
154 1248 311 1302 contractu,
337 1238 387 1308 qui
409 1251 443 1288 er
461 1232 534 1286 bona
552 1230 608 1283 lide
622 1229 781 1293 descendit,
800 1231 968 1281 instrumen-

98 1339 188 1383 torum
206 1325 312 1378 oblatio
322 1325 346 1358 ²³
363 1322 423 1374 sine
440 1336 521 1372 causa
541 1316 753 1377 desideraturu,
770 1315 794 1367 si
812 1330 867 1386 qno
884 1312 967 1366 modo

99 1415 231 1467 veritas²⁵
247 1411 282 1464 de
302 1408 387 1461 lide²⁶
403 1412 558 1460 contractus
581 1391 667 1474 possit
683 1400 801 1454 ostendi.

99 1502 126 1571 ἦ,
152 1500 208 1567 ria.
227 1496 265 1570 {ol
303 1499 549 1548 instrumentorum
568 1490 678 1542 nomine
697 1505 731 1540 ea
751 1488 844 1538 omnia
861 1485 967 1555 accipi·

99 1583 175 1641 enda
191 1595 267 1646 sunt,
287 1581 386 1652 quibus
401 1595 487 1634 eausa
498 1576 603 1628 instrui
613 1585 722 1643 potsat5
740 1584 767 1625 et
782 1569 845 1624 ideo
858 1583 915 1623 tam
924 1581 967 1624 tc·

99 1671 229 1724 stimonia
241 1686 325 1740 quam
339 1681 475 1736 personae
493 1665 736 1717 instrumentorum
750 1659 813 1712 loco
824 1656 969 1710 dabantur.

102 1760 125 1823 §·
151 1758 190 1809 15.
223 1753 337 1809 Fundus
358 1755 418 1805 eins
438 1766 496 1802 esse
514 1747 641 1809 ridetur,
669 1748 747 1797 euius
764 1743 877 1796 nomine
895 1758 969 1794 eorn-

99 1849 211 1911 paratns
236 1847 297 1902 est,
323 1855 380 1892 nou
407 1855 423 1888 a
441 1853 496 1907 qno
513 1838 537 1871 ²²
554 1832 670 1902 pecnnia
689 1837 830 1883 numerata
851 1836 912 1882 est:
945 1829 969 1881 ti

101 1935 193 1981 tamen
211 1924 313 1980 fundus
332 1923 513 1992 coimperatori
531 1921 569 1971 sit
587 1918 714 1975 traditus.
784 1918 808 1983 5.
828 1918 867 1968 ιδ.
904 1914 969 1966 Ele·

98 2023 144 2065 eto
171 2029 219 2067 reo
243 2009 391 2082 principali
417 2008 562 2059 fideiusror
580 2004 625 2055 rel
648 2004 727 2056 heres
749 2003 809 2054 eius
826 2001 969 2055 liberatur·

1016 1051 1155 1112 seruerit,
1185 1046 1225 1100 ad
1252 1042 1399 1101 solvendas
1426 1047 1511 1097 totius
1535 1044 1665 1114 temporis
1685 1045 1835 1113 pensiones
1857 1061 1892 1097 sn

1017 1134 1153 1190 conducto
1179 1133 1327 1187 conveniri
1354 1143 1474 1203 potest,
1499 1143 1637 1204 quatenus
1659 1131 1782 1184 locatori
1805 1132 1835 1181 in
1862 1128 1894 1183 id

1017 1219 1093 1296 quod
1110 1221 1170 1275 eius
1188 1221 1304 1273 interest
1321 1215 1490 1271 indemnitas
1507 1227 1644 1268 servetur.

1231 1314 1240 1335 ⁴
1263 1331 1325 1372 rrr.
1348 1333 1407 1372 ιιι.
1453 1331 1491 1371 oe
1512 1329 1646 1370 ruerus.

1015 1419 1040 1488 5
1064 1435 1085 1471 ι.
1122 1417 1267 1486 sponsalia
1286 1423 1341 1468 tam
1366 1418 1440 1468 inter
1463 1414 1580 1485 puberer
1605 1429 1687 1484 quam
1706 1414 1779 1466 luter
1797 1415 1889 1480 impu·

1014 1504 1094 1558 heres
1113 1504 1238 1557 contrahi
1257 1510 1380 1573 possunt.
1452 1503 1476 1571 6.
1492 1486 1520 1554 a.
1557 1502 1674 1563 Eorum,
1691 1501 1739 1570 qui
1759 1499 1790 1551 in
1807 1508 1886 1568 pote·

1017 1599 1087 1644 atate
1105 1592 1189 1659 patris
1211 1574 1292 1653 aunt,
1321 1590 1382 1640 sine
1398 1591 1542 1642 voluntate
1560 1588 1620 1638 eius
1639 1586 1812 1639 matrimonia
1831 1586 1890 1634 iure

1016 1682 1091 1730 non*
1121 1676 1339 1742 contrahuntur;
1368 1675 1418 1728 sed
1453 1680 1590 1726 contracta
1621 1689 1678 1725 uon
1702 1671 1847 1725 solvuntur
1864 1673 1891 1718 ¹:

1017 1764 1213 1831 contemplatio
1233 1762 1309 1815 enim
1327 1762 1458 1830 publicae
1477 1760 1608 1813 utilitatis
1627 1760 1797 1829 privatorum
1814 1773 1890 1812 corn·

1016 1849 1106 1901 modis
1124 1847 1277 1918 praefertur
1288 1848 1308 1905 ⁸.

1016 1937 1042 2002 ς.
1061 1936 1084 1985 3.
1106 1933 1146 2006 [o]
1184 1936 1263 1988 later
1281 1944 1412 2004 parentes
1434 1943 1461 1986 et
1486 1932 1589 1986 liberos
1609 1933 1670 1984 iure
1689 1927 1768 1984 civili
1792 1931 1891 1981 matri-

1019 2021 1115 2073 monia
1135 2018 1268 2072 contrabi
1286 2021 1364 2071 non⁴
1380 2030 1516 2088 possunt.-
1542 2016 1702 2090 necstliam
1720 2015 1892 2068 sororisant

100 2116 157 2153 Μ
174 2097 280 2152 idem„
296 2099 326 2153 ln
344 2092 551 2149 mndmfibu'
566 2089 762 2142 ⁰b⁸⁸m²⁰¹²⁹·
1019 2117 1126 2175 neptem
1146 2122 1259 2159 uxorem
1279 2107 1290 2140 ⁸
1308 2102 1408 2156 ducere
1424 2121 1583 2175 poterimus:
1612 2113 1771 2173 proneptem
1790 2104 1891 2152 aetatis

1019 2192 1095 2244 ratio
1121 2189 1257 2260 probibet.
1337 2193 1362 2256 §.
1391 2189 1417 2256 4.
1460 2186 1599 2260 Adoptiva
1622 2188 1755 2258 cognatio
1779 2185 1892 2256 impedit

1020 2276 1132 2347 nuptias
1159 2276 1236 2329 inter
1258 2287 1390 2346 parentes
1420 2290 1455 2327 ac
1482 2275 1587 2329 liberos
1614 2270 1789 2338 omnimodo,·
1816 2274 1891 2325 inter·

1016 2360 1272 2431 fratrestantae,
1300 2375 1440 2431 quotenus
1460 2362 1562 2432 capitis
1585 2361 1703 2412 minutio
1728 2375 1785 2412 non
1802 2359 1890 2412 inter·

1016 2448 1101 2500 venit.
1137 2448 1161 2513 i.
1180 2447 1213 2501 5.·
1224 2447 1282 2500 Nec
1300 2463 1418 2508 ιοσιιιιιι,
1434 2464 1484 2500 nec
1498 2463 1609 2506 nurum,
1626 2443 1817 2514 privignam,
1837 2461 1890 2498 nee

1016 2547 1165 2585 novercam
1182 2529 1342 2601 aliquando
1362 2534 1435 2584 citra
1450 2549 1569 2601 poenam
1586 2532 1687 2583 incesti
1703 2545 1816 2583 uxorem
1834 2529 1890 2582 du-

210 2262 274 2303 tlt.
296 2260 386 2300 xviii·
428 2258 467 2298 DE
487 2255 605 2297 LOCATO
627 2253 664 2297 BT
688 2251 859 2295 CONDUCTO.

98 2366 122 2432 1.
145 2382 166 2418 ι.
203 2362 291 2415 Homo
316 2362 398 2423 iiber,
421 2360 470 2429 qui
492 2366 593 2411 statum
614 2372 693 2410 suum
713 2357 743 2407 in
762 2360 899 2423 potestate
917 2350 966 2403 hn-

99 2450 158 2511 bet,
177 2456 206 2502 et
225 2450 350 2519 peiorare
367 2463 430 2499 eum
449 2452 478 2496 et
494 2445 636 2496 meliorem
655 2443 743 2494 iacere
754 2447 863 2510 potest:
882 2445 966 2507 atque

98 2534 162 2589 ideo
181 2549 278 2604 operas
295 2549 357 2586 suas
378 2533 489 2585 diurnas
505 2540 709 2597 nocturnasque
726 2529 805 2579 locat.
895 2522 919 2592 6.
939 2540 963 2574 n.

97 2621 188 2672 Fundi
207 2621 374 2675 deterioris¹
393 2619 459 2670 lacti
484 2625 513 2668 et
536 2617 643 2668 cultura
666 2628 724 2665 non
745 2610 887 2662 exercitati
898 2613 918 2671 ²,
936 2613 966 2660 et
1015 2632 1076 2670 cm
1101 2618 1182 2678 cicer,
1209 2619 1283 2672 ,scm
1310 2633 1361 2669 m
1393 2619 1505 2670 mmm
1532 2629 1581 2668 m
1608 2627 1794 2668 mmmmm,
1836 2615 1890 2667 &d

96 2706 285 2758 aedificiorum
300 2723 356 2758 non
374 2705 540 2757 refectorum
556 2701 654 2768 culpa³
672 2697 787 2751 arbitrio
802 2693 964 2749 ludieisdo·
1012 2703 1064 2773 qni
1079 2703 1154 2756 vel²
1180 2715 1329 2771 cognatam
1354 2715 1453 2755 contra
1479 2701 1656 2755 interdictum
1685 2699 1816 2762 duxerit,
1844 2714 1889 2752 re·

98 2793 173 2844 ml¹1⁰
195 2789 508 2843 ³0011ducl0re‘22rcirl
529 2786 648 2855 polest&
1010 2789 1094 2841 misso
1113 2789 1224 2841 mulieri
1240 2789 1332 2841 ιἰινιίΙΙ
1343 2805 1449 2851 errore,
1469 2791 1525 2858 ipse
1540 2804 1658 2860 poenam
1677 2786 1813 2841 adulterii
1826 2786 1886 2857 lege

99 2881 122 2942 6.
146 2893 183 2929 ιι.
203 2874 240 2948 [ι]
277 2876 413 2928 Dominus
432 2873 595 2926 horreorum
613 2869 738 2938 effractis
761 2880 788 2922 et
809 2867 965 2938 compilatis
1012 2873 1087 2926 luna
1101 2874 1113 2909 ⁹
1127 2876 1253 2944 paritur,
1275 2892 1333 2927 ηομ
1351 2876 1434 2926 egram
1452 2872 1545 2928 ducta.

97 2963 426 3020 b⁰m⁸⁹³1¹⁰nltt¹⁶ilffr
450 2959 509 3010 πῖθ’
532 2954 684 3010 custodiam
709 2970 804 3008 ‘mm
823 2955 963 3022 rectpll⁶=
1011 2960 1068 3026 §.b
1087 2960 1162 3010 inter
1180 2975 1271 3012 servos
1292 2966 1320 3012 et
1338 2959 1441 3011 liberor
1460 2959 1663 3012 matrimonium
1686 2954 1811 3008 contrahi
1829 2970 1886 3005 nou

98 3050 172 3100 servi
198 3057 290 3099 tamen
316 3048 394 3108 eius,
414 3061 473 3097 eum
500 3061 555 3115 quo
573 3053 744 3095 contractum
769 3052 828 3103 est,
850 3050 965 3110 propter
1011 3047 1148 3111 potest¹⁰,
1171 3043 1384 3096 contubernium
1403 3054 1502 3112 potest.
1574 3047 1598 3112 §.
1617 3062 1641 3112 7.
1678 3042 1775 3111 Neque
1794 3040 1884 3091 surio.

98 3130 291 3201 aedificiorum
316 3133 446 3184 notitiam
476 3130 508 3180 in
544 3129 734 3199 quaestionem
759 3127 818 3197 peti
842 3140 966 3198 potsunt.
1010 3144 1056 3179 sus
1081 3145 1172 3199 neque
1201 3130 1305 3182 furiosa
1334 3131 1540 3181 matrimonium
1562 3128 1723 3180 contrahere
1748 3134 1884 3195 portuum

1014 3414 1090 3466 inter
1108 3415 1181 3484 ipsos
1199 3415 1370 3477 convenerit,
1389 3426 1438 3466 aut
1455 3416 1580 3467 uirorum
1602 3415 1734 3467 bonorum
1753 3417 1884 3467 aestim-

1013 3485 1089 3536 tione
1109 3486 1273 3536 corutiterit.
1312 3485 1367 3536 Sed
1385 3485 1500 3536 dubium
1519 3492 1577 3545 est,
1598 3494 1688 3535 utrum
1704 3483 1884 3546 haecomnia,

1014 3568 1049 3603 an
1068 3568 1100 3603 ea
1118 3553 1177 3604 sola
1197 3554 1351 3615 sententia,
1370 3569 1441 3624 quae
1460 3555 1489 3603 in
1507 3569 1573 3605 voce
1596 3556 1715 3623 pretium
1736 3554 1850 3622 incipit,
1868 3569 1884 3603 a

1012 3623 1278 3691 compilatoreBnrg.
1290 3623 1457 3679 „secundum
1474 3624 1590 3689 speciem
1601 3624 1704 3674 Paulli”
1723 3624 1884 3676 referantur.

1083 3692 1179 3741 xviri.
1220 3693 1243 3764 ι)
1264 3691 1346 3744 Goth.
1366 3693 1411 3743 Bo.
1431 3694 1456 3744 S.
1482 3690 1639 3745 deteriores.
1748 3693 1775 3764 a)
1801 3692 1884 3745 Goth.

1012 3762 1137 3812 culturae
1157 3777 1215 3812 non
1234 3763 1410 3813 exercitatae.
1459 3761 1486 3830 3)
1508 3763 1535 3815 S.
1555 3763 1655 3813 inserit
1670 3780 1729 3831 pro.
1788 3762 1815 3831 4)
1836 3763 1883 3812 iio.

1008 3841 1131 3898 possunt.
1171 3827 1207 3902 [r]
1228 3831 1270 3896 66.
1292 3845 1327 3882 ra.
1338 3867 1344 3880 .
1357 3867 1362 3879 .
1376 3847 1412 3883 rc.
1434 3848 1467 3880 nx
1479 3831 1507 3881 1..
1520 3832 1561 3885 55.
1573 3849 1612 3882 ru.
1623 3835 1647 3898 6,
1664 3851 1683 3884 ι.
1697 3851 1720 3885 a.
1733 3831 1765 3887 D,
1778 3849 1881 3884 noeirs.

1010 3897 1037 3968 5)
1057 3898 1117 3947 flat.
1136 3903 1281 3970 receperit.

1078 3967 1145 4019 XIX.
1187 3976 1211 4036 ι)
1229 3969 1313 4023 Goth.
1332 3987 1389 4022 non
1407 3971 1475 4022 iure.
1580 3970 1608 4040 ι)
1628 3968 1711 4020 Goth.
1729 3970 1874 4022 solvantur

1010 4036 1037 4107 3)
1059 4036 1118 4088 Sar.
1138 4037 1212 4090 Mon.
1230 4040 1276 4091 Bo.
1297 4039 1526 4108 contemplatione
1544 4074 1551 4089 .
1570 4073 1577 4090 .
1596 4036 1757 4092 -commada
1770 4038 1882 4108 praese·

1010 4119 1119 4163 nentur.
1171 4106 1254 4159 Goth.
1283 4109 1515 4177 contemplatione
1537 4143 1543 4156 .
1564 4143 1570 4155 .
1593 4140 1599 4155 .
1619 4105 1753 4179 quomado
1769 4107 1880 4186 praest·-

1010 4189 1119 4227 runtur.
1193 4175 1231 4248 [Q]
1253 4180 1293 4246 66.
1313 4183 1337 4231 3.
1350 4215 1355 4226 .
1369 4181 1409 4229 .5.
1429 4195 1460 4226 rx
1479 4194 1553 4228 corr..
1573 4192 1609 4228 rr.
1627 4182 1651 4228 3.
1689 4177 1751 4227 Ritt.
1772 4183 1799 4226 et
1817 4176 1877 4227 Scir.

99 3412 441 3488 inneneuuendiun
482 3413 523 3483 ¹9)
534 3413 581 3466 Bo.
594 3413 624 3464 in
627 3413 658 3484 s
677 3410 758 3464 Goth.
769 3413 800 3464 in
810 3413 886 3532 puga
924 3408 962 3484 [r]

95 3493 119 3558 §.
142 3505 180 3543 sa.
199 3505 233 3538 rx
252 3503 323 3538 coss.
343 3502 380 3540 vr.
400 3484 460 3540 Cui,
473 3486 515 3535 66.
535 3485 653 3549 primurn
671 3483 700 3533 in
719 3480 793 3533 hunc
822 3499 900 3533 ocum
919 3499 962 3533 re·

84 3557 263 3627 ·oepit,iiitt.
281 3552 413 3604 adfinem
433 3552 515 3603 huius
537 3553 613 3602 tituli
631 3552 732 3602 reiecit.
798 3554 844 3615 ιο)
863 3550 963 3617 0667.

94 3629 130 3683 D.
151 3626 185 3678 ‹le
205 3624 313 3694 probat.
384 3626 429 3689 ιι)
453 3623 513 3688 Dig.
532 3621 594 3672 Cui.
614 3623 655 3672 58.
674 3620 752 3672 Febr.
774 3621 838 3670 Ritt.
857 3618 943 3691 defici

98 3714 132 3750 ω
162 3696 223 3760 Dig.
242 3691 407 3766 quaestioni·
458 3689 502 3758 23)
520 3688 594 3741 Mon.
615 3689 699 3740 Goth.
713 3691 758 3740 Bo.
770 3688 795 3738 8.
816 3688 962 3757 obligatio.

96 3769 130 3832 ni
162 3762 244 3815 Goth.
264 3765 311 3812 lto.
332 3762 357 3811 S.
377 3758 587 3815 demonstratur.
612 3757 660 3808 sed
685 3759 703 3815 i.
723 3773 758 3810 m.
779 3754 962 3813 desideratur.

96 3838 130 3888 ²5
161 3831 244 3887 Goth.
260 3832 334 3882 Μοιι.
351 3828 398 3878 Bo.
418 3828 443 3879 S.
455 3829 594 3880 voluntas.
649 3829 693 3898 26)
716 3824 797 3876 Goth.
811 3824 835 3875 S.
855 3822 888 3878 de
901 3825 961 3894 fine

97 3904 125 3956 8.
145 3905 164 3954 i.
182 3920 217 3954 m.
248 3906 409 3952 annotatum
433 3898 517 3947 habet
549 3898 578 3947 in
605 3896 752 3964 exemplari
777 3898 885 3961 Argeut.
909 3897 960 3962 legi

95 3969 235 4028 vendendi
248 3981 419 4029 contractus,
438 3970 467 4017 in
483 3967 653 4034 diurpacensi
668 3981 732 4018 vero
749 3963 782 4016 de
790 3963 863 4036 fide,
884 3966 959 4033 quod

95 4047 155 4112 ipse
172 4041 279 4110 probat.
315 4039 340 4088 P.
353 4037 440 4088 Faber
461 4037 534 4103 apud
552 4036 664 4086 Mecrm.
684 4036 812 4086 emendat
828 4047 854 4088 et
868 4032 960 4105 βάσις

95 4114 224 4182 idemque
244 4109 337 4179 paullo
355 4108 480 4175 superius
500 4106 646 4173 scripturas
665 4105 811 4175 obligatio,
828 4107 960 4156 voluntas

96 4180 244 4235 defendere
271 4187 390 4230 conatur.
480 4174 516 4247 [o]
540 4175 568 4231 L.
594 4195 612 4226 ι.
640 4176 675 4226 D.
699 4193 733 4225 ne
757 4191 809 4225 eru.
836 4175 980 4230 rueruun.

96 4250 281 4304 iiiclocusab
302 4250 349 4298 Au.
371 4247 458 4300 abest.
495 4245 540 4314 ap)
562 4245 684 4296 Branchu
697 4243 774 4295 Obss.
794 4243 917 4298 deeusli
931 4257 958 4310 p.
1010 4241 1038 4293 h.
1060 4245 1078 4295 1.
1099 4245 1208 4296 habent.
1237 4247 1268 4296 in
1288 4246 1391 4300 Gener.
1411 4255 1472 4314 post
1490 4246 1514 4310 6.
1534 4243 1624 4312 9.‚in
1643 4244 1694 4300 du.
1714 4253 1775 4311 post
1793 4247 1817 4310 6.
1837 4263 1876 4306 oc.

99 4322 156 4390 rai.
174 4327 281 4388 praeter
307 4317 496 4368 necessitatem
529 4316 658 4366 emendat
682 4331 739 4366 non
757 4315 843 4365 cuius.
914 4310 958 4381 ιθ)
1010 4314 1146 4379 leguntur.
1211 4315 1238 4384 4)
1259 4315 1327 4366 Scal.
1347 4331 1403 4365 om.
1423 4331 1489 4366 non.
1548 4299 1879 4382 5)1tasca1.csviuit.;

94 4392 144 4444 Bo.
162 4389 189 4447 S,
207 4388 380 4444 Goth.enim.
452 4385 497 4455 29)
517 4384 577 4436 Seh.
599 4383 759 4435 huictitulo
779 4383 906 4433 adiunxit
926 4398 960 4432 ert
1010 4383 1137 4452 plerique
1161 4398 1214 4432 om.
1233 4401 1353 4436 uxorem
1452 4385 1481 4450 6)
1497 4382 1629 4434 Mollerus
1649 4385 1718 4435 coni.
1739 4399 1789 4436 nec
1806 4385 1879 4450 priv.

93 4461 126 4514 i..
141 4463 171 4515 n.
190 4461 267 4521 Bnrg.
290 4459 332 4508 tit.
356 4459 395 4508 13.
418 4455 467 4507 has
485 4457 649 4506 sententias:
674 4458 747 4505 Arra
764 4471 816 4520 pro
837 4450 960 4525 qualibet
1009 4452 1335 4511 V.Oelrichs.tbes.nov.
1350 4452 1512 4521 ibt-palb-
1528 4453 1668 4505 ltectdu.
1689 4454 1715 4523 7)
1728 4456 1767 4503 tto
1779 4453 1875 4502 illurn.-

94 4547 124 4583 rc
144 4547 163 4581 a
179 4526 325 4582 venditore
346 4538 470 4595 suscepta
498 4524 548 4591 (Bi.
567 4542 619 4593 pro
647 4523 859 4595 quibuscumque
880 4520 961 4573 rebus
1009 4521 1087 4572 Vere.
1106 4521 1218 4575 sedvel
1256 4526 1293 4576 ιιι.
1331 4522 1397 4573 Pith.
1417 4521 1467 4575 sed
1485 4523 1538 4574 vel.
1576 4520 1645 4573 Pith.
1665 4522 1736 4573 coni.
1756 4524 1782 4574 si
1800 4493 1875 4575 verul

93 4620 120 4654 a
139 4616 166 4651 v.
186 4597 310 4666 accepta)
330 4597 363 4647 ab
382 4613 425 4658 eo,
447 4595 586 4666 quieuit,
606 4591 794 4645 venditionem
810 4593 959 4661 perss'ctam
1009 4594 1036 4658 8)
1055 4592 1131 4642 Vere.
1143 4542 1257 4643 etvinli.
1271 4609 1323 4645 om.
1345 4595 1424 4644 iuris.
1443 4592 1529 4642 Iidem
1549 4591 1627 4642 codd.
1647 4593 1755 4642 etse-at.
1773 4592 1877 4643 habeut

93 4686 164 4722 esse:
189 4669 307 4739 pretium
326 4677 420 4716 tamen
437 4661 605 4733 postmodum
628 4663 663 4714 ab
681 4675 798 4732 emptore
816 4659 960 4714 venditori
1008 4662 1198 4715 mulierisdu.
1208 4679 1258 4713 om.
1271 4662 1389 4718 mulieri.
1425 4662 1454 4731 9)
1474 4662 1623 4721 reintrare
1644 4661 1877 4730 Vindlegemlu·

93 4739 223 4808 impletur
241 4735 290 4805 (Bi.
309 4749 413 4804 emptor
429 4752 457 4786 v.
476 4733 661 4803 impleturus),
678 4729 711 4784 de
730 4749 786 4803 quo
805 4729 957 4801 (Bisiaut)
1008 4732 1151 4793 &arnalii
1164 4733 1235 4802 legis
1252 4734 1350 4785 Iuliae.
1400 4732 1441 4801 so)
1461 4731 1488 4781 S·
1508 4730 1566 4781 eui.
1586 4733 1626 4784 66.
1640 4735 1680 4785 86.
1703 4732 1804 4783 Gener.
1823 4734 1874 4782 Au.

91 4844 1867 4880 m

92 4923 330 4992 interpretatione.
363 4922 377 4987 §
401 4921 437 4986 sd.
455 4920 485 4969 In
493 4919 680 4970 contractibus
696 4920 780 4985 empti
797 4927 825 4970 et
846 4918 961 4982 venditi,
1010 4918 1124 4972 bitorern
1136 4929 1319 4972 suumtenere
1332 4922 1469 4980 maluerit,
1490 4921 1685 4972 fideiussorvel
1701 4920 1871 4973 hereseiuse

91 4996 140 5067 qni
151 4992 284 5045 bonafide
299 4990 438 5052 ineuntur,
450 4989 617 5041 venditionis
628 4991 809 5041 instrumente
823 4987 959 5055 superflue
1009 4989 1193 5042 fideiussionis
1204 4991 1462 5043 vinculoliberatur.
1486 4991 1508 5041 si
1520 5006 1584 5041 vero
1595 4998 1754 5058 procurator
1764 4990 1821 5042 litis
1831 4992 1872 5040 ri·

89 5057 958 5140 requiruntur,siquocumqueruodoresrendite,dutoetaceepto
1008 5069 1066 5111 ctus
1077 5059 1169 5120 suerit,
1178 5059 1322 5111 mandator
1331 5061 1388 5113 eius
1400 5060 1433 5111 ad
1441 5060 1605 5114 solutionem
1617 5069 1734 5115 tenetur.

89 5136 189 5204 pretio,
199 5131 325 5203 qnalibet
333 5130 495 5195 probatione
504 5129 714 5196 possitagnosci.
730 5130 753 5193 i.
765 5130 802 5179 15.
812 5128 840 5178 Si
849 5127 957 5195 ageral-
1043 5129 1109 5180 XlX.
1128 5130 1249 5196 §.1‚Non
1263 5129 1369 5197 indiget
1382 5130 1616 5198 interpretatione.
1654 5127 1868 5194 §.nviveutibns

90 5204 176 5258 terius
185 5202 298 5253 nomine
316 5208 343 5250 et
358 5199 471 5249 alterius
481 5198 690 5265 pecuuiniuerit
701 5205 879 5265 comparatus,
897 5198 956 5249 eius
1005 5198 1129 5267 patribus
1141 5202 1213 5252 inter
1230 5201 1300 5253 lilios
1310 5199 1426 5252 familias
1438 5203 1497 5252 sine
1506 5200 1647 5250 voluntate
1661 5205 1764 5265 patrum
1775 5202 1869 5250 matri-

79 5289 151 5326 Ιαιιι
161 5270 339 5340 dignoscitur,
356 5270 432 5320 euius
442 5267 553 5319 nomine
571 5268 638 5336 (non
652 5267 728 5317 cuius
745 5267 861 5336 pecunie
878 5265 957 5319 addit
1004 5270 1097 5319 monia
1110 5285 1164 5321 non
1175 5271 1296 5339 legitime
1307 5270 1478 5339 copulantur,
1503 5268 1551 5321 sed
1565 5273 1587 5319 si
1598 5268 1742 5317 coniuncta
1754 5266 1865 5330 suerint,

92 5345 203 5408 Gener.)
213 5344 385 5408 comparatus
398 5344 455 5400 ειη
476 5338 498 5388 si
509 5344 600 5387 tamen
610 5337 662 5405 ipsi
671 5338 850 5404 comparaturi
861 5353 954 5403 agrum
1004 5354 1059 5391 non
1069 5339 1224 5404 solvuntur;
1233 5340 1299 5408 quin
1308 5339 1341 5391 ad
1351 5339 1485 5407 publicum
1493 5337 1639 5391 utilitatem
1648 5337 1797 5405 antiquitas
1805 5354 1869 5424 per»

74 5412 221 5464 *traditum
232 5409 316 5461 fuisse
328 5408 490 5471 consutorit3
500 5406 542 5456 illi
551 5407 773 5472 ceremoniam,
781 5424 861 5476 quom
869 5406 953 5458 dede·
1004 5410 1092 5461 tinere
1102 5409 1230 5471 decrevit,
1238 5420 1267 5461 ut
1273 5409 1501 5480 procreandorum
1510 5407 1657 5459 liberorum
1667 5421 1868 5460 causueonrun·

89 5488 342 5548 rontapossessore
354 5477 497 5544 recipiant,
507 5476 676 5528 sicutmuitit
685 5477 746 5526 aliis
754 5477 896 5544 speciebus
904 5477 953 5528 ha·
1003 5479 1057 5530 ctio
1069 5479 1446 5550 iectauondebeatseporari.
1492 5480 1515 5545 §.
1529 5493 1553 5544 7.
1573 5475 1867 5544 Siquirnatrirnoniunr

88 5551 171 5603 betur
181 5551 342 5618 expositum.
363 5551 388 5614 6.
403 5549 439 5598 ι6.
460 5547 550 5616 Siquis
562 5552 717 5614 contempto
729 5546 886 5600 fideiussore
905 5546 953 5600 ‹le-
1002 5549 1060 5601 sani
1071 5544 1867 5613 contraxerint‚etuniexduobusumentiatutiuroraeees-

1438 5644 1469 5715 F
