4560 6562
824 1229 1387 1337 PRAEFATIO.

213 1729 399 1824 Dositbeam
418 1770 629 1827 Grammatlcrmr
654 1773 769 1830 ineunte
791 1773 874 1831 tertio
898 1774 964 1844 post
981 1770 1122 1826 christum
1144 1772 1242 1821 natum
1258 1764 1385 1830 saeculo,
1406 1781 1467 1820 cum
1486 1763 1636 1836 Septimius
1654 1763 1770 1822 Severur
1803 1773 1832 1821 ct
1847 1767 2004 1822 Antoninus

215 1858 290 1914 lilius
308 1878 351 1916 res
372 1862 505 1917 Romanas
524 1870 657 1933 regerent,
674 1865 785 1930 vixisse,
806 1881 839 1934 eo
855 1852 1016 1937 lpse'llbro,
1031 1879 1066 1916 ex
1084 1876 1140 1934 quo
1158 1860 1192 1913 sd
1209 1859 1340 1912 veturius
1357 1859 1527 1927 pertinentes
1544 1857 1702 1929 particular,
1715 1858 1858 1935 lladriaul,
1872 1878 2003 1933 quas-vo-

216 1953 271 2012 est,
287 1947 438 2001 renuntias
450 1958 479 2002 et
496 1950 636 2019 epistolas,
654 1952 683 2004 e't
693 1957 839 2005 tractatum
851 1937 998 2012 forensem,
1014 1948 1048 2001 de
1069 1942 1329 2000 manumissionibur
1340 1945 1457 1997 maxime
1468 1951 1639 2008 tractantem,
1652 1944 1708 1994 iam
1721 1942 1891 2018 exhibemus,
1909 1955 2006 2001 auctor

217 2023 271 2083 ⁵est.
305 2031 376 2085 liam
400 2050 434 2090 ex
453 2033 608 2101 llyginlsna
625 2033 794 2102 Genealogis
817 2019 944 2100 excerpta
967 2033 1049 2084 initio
1072 2031 1141 2085 baec
1164 2030 1282 2084 babent:
1309 2030 1433 2100 Μαξίμῳ
1460 2031 1508 2082 scel
1523 2027 1622 2099 ’Λαρῳ
1650 2027 1773 2086 ὑπάτοις
1796 2019 1854 2099 πρὸ
1872 2025 1899 2100 7!
1919 2029 2005 2087 sidcis

215 2114 420 2187 Σίατεμβρίων
435 2114 547 2187 ‘i'yirou
560 2117 747 2187 γενεαλογίαν
762 2111 854 2171 πᾶσιν
866 2106 998 2188 γνωστῆν
1013 2118 1196 2191 pesiyporpo:
1218 2116 1344 2171 Marino
1362 2126 1390 2173 et
1405 2115 1481 2185 Apro
1499 2113 1659 2169 consulibua
1674 2117 1762 2170 tertio
1778 2108 1819 2167 ld
1838 2116 2007 2188 Septembres
2072 2180 2080 2191 ἱ

216 2202 326 2272 Hygini
340 2202 534 2274 genealogiam
550 2202 676 2258 omnr'dur
693 2214 787 2258 notam
808 2187 954 2275 descripsi.
987 2201 1062 2255 Fasti
1080 2202 1176 2255 autem
1191 2201 1347 2254 consolarer
1356 2193 1392 2270 QL
1400 2197 1503 2252 dilium
1518 2192 1667 2251 bluimurn
1682 2192 1893 2255 ellit-Flavium
1903 2205 2006 2272 Aprum

217 2300 291 2340 sono
308 2292 370 2360 post
387 2286 527 2340 Christum
545 2293 640 2341 uatum
651 2286 757 2343 ccvnss
779 2288 899 2342 inscibus
923 2287 1066 2342 decorator
1091 2288 1176 2341 luisse
1201 2287 1345 2359 catulique
1369 2284 1475 2339 bonore
1495 2300 1546 2337 nos
1558 2280 1690 2342 edocent.
1726 2286 1826 2338 ltomae
1842 2279 2007 2340 nosiueun‘

161 2439 163 2442 Ι
217 2372 319 2426 vixisse
337 2373 635 2444 puerulosqchrsece
654 2373 780 2430 docuisse
800 2363 905 2447 absque
923 2372 1010 2426 dubio
1028 2371 1145 2427 babebit
1161 2375 1211 2447 qul
1229 2371 1431 2444 grammaticam
1451 2369 1616 2441 adiectaque
1632 2365 1832 2440 ἑρμηνεύματα
1844 2369 1901 2424 sire
1919 2370 2008 2426 inter·

205 2466 390 2531 ‚pretamcnts
406 2456 544 2523 bominis,
568 2461 592 2512 si
611 2460 701 2530 ipsum
716 2460 829 2523 audias,
855 2458 1011 2512 doctiriimi
1034 2458 1322 2530 iugeniorlssisulque,
1346 2456 1391 2510 vel
1408 2455 1562 2526 paullulum
1588 2456 1720 2508 tractarit
1763 2455 1856 2508 Wtam
1874 2454 2006 2527 equidem

217 2544 271 2596 viri
288 2544 376 2614 siquis
395 2542 430 2596 de
450 2544 630 2597 cucurbitlnis
646 2543 785 2615 capitibus
803 2545 906 2600 librum
927 2551 1092 2616 componet,
1110 2543 1224 2611 scribat3
1241 2559 1291 2612 ego
1304 2551 1392 2608 certe,
1407 2542 1453 2596 vel
1470 2542 1494 2595 si
1513 2542 1614 2612 largius
1638 2540 1783 2593 affluerent
1800 2540 1901 2604 fontes,
1921 2557 2005 2594 nuns-

218 2644 302 2700 qnsm
321 2629 489 2697 scripserim:
513 2645 596 2700 quern
613 2632 690 2682 enim
705 2638 754 2683 aut
771 2647 850 2683 usum
868 2636 918 2683 sut
936 2630 1150 2691 delectationem
1166 2626 1282 2683 baberet
1300 2627 1435 2683 eiusmodi
1453 2620 1594 2696 scriptoris
1613 2626 1698 2679 vitam
1716 2623 1881 2696 descriptam
1900 2625 2007 2695 legere,

218 2713 378 2786 qui„quod
396 2713 554 2767 etiamnunc
570 2728 586 2764 s
607 2713 701 2767 multis
727 2714 788 2768 fieri
810 2713 944 2781 videmus,
961 2714 1053 2771 omnia
1077 2717 1177 2768 eximie
1197 2721 1225 2767 et
1242 2714 1321 2785 qussl
1337 2715 1411 2767 sossi
1429 2710 1634 2781 Nssrdorpur'or
1651 2727 1680 2765 se
1698 2711 1790 2764 iacere
1808 2711 1956 2781 gloriatur,
1980 2719 2011 2777 rt

217 2797 293 2850 nibil
311 2797 368 2849 nisi
385 2795 533 2868 ὑπηνέμια
549 2799 645 2869 parit?
674 2801 810 2866 Ventoso,
836 2801 938 2877 quibus
955 2801 1098 2873 praelator
1120 2799 1255 2852 Hadriani
1280 2799 1443 2862 sententiis,
1470 2797 1581 2868 suspice
1599 2797 1740 2867 scriptoris
1758 2795 1860 2859 verba,
1884 2803 1934 2847 sut
1949 2796 2012 2868 lege

219 2883 392 2954 prooemium
411 2890 544 2938 tractatur
563 2881 597 2938 de
615 2886 895 2951 manumissionibus,
919 2895 948 2941 et
967 2895 1073 2941 montes
1092 2887 1290 2942 exspect-”⁸³¹
1307 2882 1553 2941 parmenianum
1573 2882 1836 2948 ”minimumque
1856 2896 1961 2948 rerum;
1982 2889 2012 2935 ti

221 2974 354 3038 quantum
376 2967 536 3037 decipieris:
553 2987 617 3024 nam
638 2970 674 3015 ab
695 2975 755 3030 ipro
772 2972 962 3028 ludimarisrm
980 2971 1016 3011 Δ.
1037 2962 1097 3012 auir'
1112 2957 1193 3012 uobis
1212 2958 1306 3011 oblrta
1324 2958 1370 3011 vix
1390 2973 1460 3029 quae
1480 2964 1591 3027 accepta
1609 2960 1735 3012 serantur
1756 2961 1838 3032 digna
1857 2982 1915 3019 esre
1935 2967 2012 3020 iudi.

219 3052 311 3118 ubis,
335 3068 427 3120 neque
445 3062 516 3120 quae
537 3047 729 3116 transscripsit,
747 3046 808 3097 sine
828 3045 963 3117 pristinae
987 3043 1091 3116 gratiae
1114 3060 1220 3097 nummo
1241 3043 1407 3096 detrimento
1431 3041 1483 3097 rub
1508 3045 1634 3096 manibus
1656 3045 1773 3114 nugouis
1792 3045 1877 3101 fuisse
1898 3054 2010 3104 senties.

219 3135 358 3190 Notkerus
376 3141 467 3186 tamen
474 3132 614 3196 balbulus,
633 3119 724 3185 bonus
742 3131 785 3184 vlr
804 3137 832 3182 et
849 3131 968 3183 sanctior
983 3138 1057 3182 certe
1078 3146 1161 3200 quam
1179 3127 1319 3193 subtilior,
1336 3127 1554 3183 buiusDositbei
1572 3131 1778 3200 grammaticam
1785 3133 1908 3201 Donati,
1927 3136 2012 3190 Nico·

221 3219 311 3275 machi
328 3228 359 3274 et
374 3219 504 3275 Prisciani
520 3217 651 3290 operibus
669 3216 876 3289 praeferendam
896 3231 956 3268 cose
972 3213 1113 3268 iudicavit

858 3319 875 3356 ο
895 3308 1028 3374 quantum
1048 3309 1089 3354 ert
1110 3302 1140 3352 lu
1157 3299 1241 3355 rebus
1260 3297 1362 3352 insnel

290 3392 439 3464 Quamvis,
455 3391 485 3446 B.
500 3390 548 3453 b,
571 3386 699 3442 Dosithei
719 3405 787 3459 opor
807 3404 864 3443 non
882 3387 963 3439 nimii
980 3387 1065 3456 pretii
1083 3385 1303 3450 aestimaverim,
1328 3392 1421 3439 tamen
1439 3400 1616 3458 nequaquam
1634 3385 1837 3457 obiiciendum,
1861 3391 1912 3447 red
1931 3410 2013 3465 quam

223 3494 333 3551 portem
352 3479 460 3531 curiose
481 3475 655 3528 tractandum
673 3475 760 3528 visum
779 3482 829 3527 est.
847 3473 935 3544 Igitur
953 3475 1105 3544 integrum,
1123 3472 1216 3545 quoad
1238 3475 1298 3525 elur
1317 3472 1407 3524 iacere
1424 3473 1522 3542 potui,
1539 3469 1760 3546 ἑρμηνευμάτων
1776 3477 1891 3531 tertium
1909 3478 2013 3531 librum

223 3579 303 3621 ame
320 3561 493 3616 emendatum
511 3559 565 3612 boc
584 3560 645 3632 ipso
663 3576 737 3614 suno
757 3560 864 3614 minore
889 3559 976 3626 forma
997 3558 1103 3628 publici
1128 3559 1196 3610 iuris
1218 3558 1285 3611 lecit
1301 3556 1513 3611 honestissimus
1533 3558 1707 3629 bibliopola,
1732 3562 1764 3620 Δ.
1776 3562 1900 3630 Marcus;
1926 3573 2011 3635 atque

226 3663 262 3704 u
278 3651 330 3704 boc
347 3648 473 3718 pleniore
491 3646 619 3716 exemplo
636 3648 666 3698 iu
683 3646 756 3700 banc
776 3645 843 3698 iuris
863 3645 1077 3697 anteiustiniaui
1100 3640 1277 3714 συναγωγῆν
1294 3643 1426 3695 translata
1445 3650 1511 3698 suut
1526 3661 1599 3716 quae
1617 3663 1652 3699 ex
1668 3646 1845 3712 trivialibus,
1863 3655 1894 3701 ut
1910 3649 2010 3714 credo,

179 3774 184 3783 .
227 3733 330 3806 qulbus
347 3733 377 3785 in
395 3732 496 3785 rcbolis
513 3739 572 3783 tum
590 3739 750 3798 uterentur,
766 3732 871 3786 libellis
889 3729 1038 3784 Dositbeus
1055 3739 1183 3800 excerpta
1202 3729 1306 3783 Graece
1325 3729 1478 3802 Latineque
1495 3731 1594 3794 vertit,
1611 3732 1716 3786 aridius
1735 3732 1862 3803 quidem,
1881 3743 1911 3786 et
1931 3737 2012 3805 quari

225 3817 416 3872 vocabularius
436 3813 607 3887 αὐτόματος,
626 3817 676 3871 sed
695 3834 738 3871 rer
754 3820 838 3888 ipsas,
857 3834 928 3888 quae
947 3817 983 3869 ad
999 3818 1099 3870 veteris
1118 3816 1185 3868 iurir
1203 3816 1347 3869 historiam
1361 3815 1538 3871 excolendam
1552 3818 1722 3885 gratissimae
1736 3820 1816 3872 nobis
1828 3835 1887 3873 esse
1901 3817 2011 3873 debeat.

228 3904 345 3974 Scripsit
362 3911 455 3956 sutem
475 3901 625 3956 Dositbeus
646 3902 862 3969 Grammaticam,
882 3903 928 3957 cui
946 3905 1253 3971 interpretamentorum
1272 3901 1329 3954 sive
1345 3900 1591 3974 Ἑρμηνευμαὶτων,
1608 3905 1753 3956 maximam
1771 3912 1877 3975 partem
1896 3905 2014 3957 Graeco·

227 3989 388 4044 Latluorum
399 3987 594 4043 sdiecitlibros
603 3997 674 4053 tres,
691 3990 715 4041 oi
729 3998 840 4054 tamen,
859 3989 934 4061 quod
951 3987 1132 4051 crediderim,
1149 4003 1244 4043 omuee
1259 3986 1341 4040 uobis
1360 3988 1460 4041 servati
1475 3996 1548 4047 sunt.
1567 3989 1735 4054 Exduobur,
1750 3990 1799 4060 qui
1809 3987 1893 4043 bodie
1904 3995 2012 4042 exstant

228 4073 387 4139 eodisibus,
404 4076 495 4144 iisque
515 4074 572 4128 iere
588 4076 709 4141 coaevis,
727 4076 756 4128 id
775 4084 816 4128 ert
831 4082 948 4129 excunte
960 4075 1067 4128 decimo
1082 4075 1126 4128 vel
1140 4075 1254 4127 ineunte
1267 4073 1413 4127 undecimo
1432 4075 1541 4128 saeculo
1561 4076 1683 4145 scriptis,
1702 4077 1839 4143 integrum
1858 4075 1943 4127 lerme
1956 4077 2012 4127 Do·

227 4158 383 4221 'sltbesnum
400 4175 468 4230 opus
483 4162 592 4214 restitui
610 4164 721 4231 poterit.
758 4160 940 4231 sangallensis
960 4155 1033 4213 enirn
1051 4160 1138 4213 codex
1155 4160 1246 4217 Μὲ.ι
1270 4158 1314 4230 (Ν.
1331 4159 1423 4230 poa),
1444 4158 1552 4230 dequo
1571 4159 1659 4211 iuvius
1674 4150 1706 4211 ¹in
1724 4160 1897 4229 praelatione
1918 4176 2012 4211 exem·

227 4244 278 4331 plo
294 4247 421 4317 superius
438 4245 512 4299 dicto
531 4248 677 4316 praemiosa
696 4249 827 4311 tractavi,
855 4246 1064 4301 Grammaticam
1083 4247 1182 4301 Latine
1203 4246 1331 4316 scriptam
1356 4245 1495 4307 continet,
1525 4261 1608 4316 quam
1638 4245 1779 4315 excipiunt
1797 4245 2012 4298 Exercitationes
2103 4265 2105 4269 ⁴

228 4328 442 4401 ‘commaticales
460 4332 574 4386 Latinae
591 4341 620 4387 ct
637 4334 900 4400 Lavino-Graecae,
924 4340 1043 4403 postque
1060 4349 1106 4385 eos
1125 4333 1209 4386 index
1230 4350 1279 4387 saa
1296 4330 1441 4386 verborum
1459 4329 1705 4384 Latino-Graecus
1727 4329 1876 4384 secundum
1903 4332 2012 4384 litters·

230 4432 291 4489 runt
310 4417 435 4471 ordinem
454 4416 602 4488 dispositus
620 4421 736 4488 legitur,
757 4420 806 4473 sed
824 4420 855 4471 in
873 4419 965 4472 littera
983 4416 1005 4472 d
1020 4419 1075 4472 iarn
1094 4419 1230 4473 desinens.
1268 4416 1427 4491 Sequuntur
1443 4424 1507 4487 port
1526 4417 1644 4487 spatium
1665 4419 1695 4470 in
1714 4417 1808 4470 codice
1825 4417 1935 4470 nonita
1954 4433 2013 4469 ma-

230 4500 314 4572 'guum
332 4500 458 4555 relictum
477 4502 610 4557 Glossarii
626 4507 671 4559 vel
692 4503 860 4558 Onomastlci
878 4505 1018 4568 (ia-Lat,
1043 4505 1118 4576 quod
1138 4506 1248 4576 plenius
1266 4505 1296 4555 in
1317 4505 1420 4567 altero,
1438 4501 1472 4554 de
1491 4519 1545 4573 quo
1564 4503 1645 4555 modo
1666 4504 1889 4579 dicam-codice
1908 4512 2010 4566 exstat,

230 4587 322 4656 captu
340 4589 374 4641 35
395 4589 562 4656 posteriora,
580 4590 645 4642 inde
666 4606 683 4640 s
700 4593 802 4662 quibus
820 4608 879 4644 curn
896 4592 1031 4643 Vossiauo
1049 4592 1143 4644 codice
1162 4591 1348 4659 Sangallensis
1365 4597 1472 4643 tanturn
1493 4606 1549 4641 non
1573 4590 1603 4642 in
1622 4591 1736 4661 cingulis
1754 4589 1845 4643 verbis
1864 4590 2011 4658 conspirut3

230 4671 322 4724 sedin
336 4675 440 4742 primo,
460 4690 541 4744 quarn
552 4675 699 4728 Dositheus
718 4685 782 4747 post
799 4677 931 4730 Hadriani
949 4680 1099 4731 sententiar
1119 4678 1321 4747 transscripsit,
1339 4675 1435 4726 tabula
1448 4677 1565 4748 Aesopia
1582 4675 1692 4730 desiuit.
1722 4675 1800 4730 Alter
1815 4683 1907 4728 autern
1926 4675 2013 4727 codex

230 4753 299 4820 MS„
316 4756 459 4812 Leidensis
477 4764 509 4824 ·,
533 4761 582 4830 qul
600 4763 730 4831 quoniam
752 4778 786 4814 ex
802 4761 973 4816 bibliotheca
990 4763 1043 4817 viri
1066 4763 1107 4822 ill.
1125 4764 1160 4820 la.
1176 4763 1270 4816 Vosrii
1288 4762 1319 4814 in
1335 4761 1499 4815 Leidensem
1517 4762 1642 4823 transiit,
1666 4760 1813 4845 Vossianus
1832 4763 1912 4831 vulgo
1930 4775 2014 4814 voca·

229 5095 268 5148 u
302 5027 328 5098 ι)
345 5026 588 5147 ῐζὶαιὴαροςταρὴο
609 5047 687 5095 sum,
706 5033 781 5118 quod
798 5036 947 5090 venerandi
964 5035 1084 5088 nominis
1103 5036 1161 5098 vir,
1187 5052 1220 5089 cx
1238 5035 1316 5087 culus
1333 5035 1430 5114 iuuere
1448 5030 1604 5117 ⁸9²⁰.h¹¹.⁰⁰
1623 5047 1724 5118 annum
1743 5048 1776 5084 eo
1796 5032 1856 5114 ipro
1877 5030 2012 5151 dubi-¹¹⁰

229 5105 930 5234 mittit,‘tt'335⁰t.⁰ttltttlt
948 5108 1324 5239 ttltttittttttt?
1338 5102 2014 5240 ,lt'ttl'ttlttttttltlt‚³⁰1¹tt·

229 5232 292 5357 {Eli
308 5234 338 5286 ld
354 5235 487 5291 utendum
505 5237 606 5306 flccepl.
678 5243 705 5326 μ)
724 5242 1069 5331 Membraneumlibrum,
1088 5247 1177 5331 torma
1194 5241 1324 5317 quadrata
1334 5281 1342 5306 ,
1361 5242 1439 5294 Desit
1461 5257 1529 5295 eaua
1547 5242 1577 5294 iu
1596 5245 1638 5310 73*
1669 5243 1772 5311 agiuis,
1789 5254 1904 5322 quarum
1923 5241 2015 5325 sigua·

264 5316 323 5375 ¹ues
341 5305 377 5357 sd
397 5320 440 5359 ma
472 5306 545 5359 luem
567 5310 686 5378 exempli
706 5315 792 5367 nostrl
813 5320 1013 5379 annotavimus,
1031 5323 1217 5370 coutinentem
1239 5315 1266 5384 (a
1285 5312 1360 5369 sote
1379 5311 1512 5381 usquead
1529 5311 1633 5381 loton)
1651 5326 1712 5381 ipse
1728 5316 1930 5362 accuratissime
1947 5307 2016 5360 olrm

231 5375 415 5456 mmcripsi.
502 5374 555 5430 boc
570 5394 681 5500 quogue
696 5381 889 5437 codicesusiur
906 5387 935 5437 in
953 5387 1127 5454 praefatione
1146 5383 1237 5442 libelli
1255 5381 1380 5455 superior
1412 5381 1529 5438 indicati
1550 5385 1697 5435 tractatura
1720 5386 1771 5440 cst.
1806 5377 1913 5433 Confer
1931 5377 2016 5432 etirm

232 5441 321 5505 CM·
338 5443 406 5498 bibl·
425 5444 502 5515 publ.
520 5446 606 5516 bugd.
647 5452 966 5526 at1716.iol.p.395.
1919 5461 1920 5465 ’
