4560 6562
99 361 172 437 249
620 360 690 437 DE
714 358 1016 438 USUFRUCTU.
1041 358 1075 453 S.
1103 361 1162 436 64.
1265 360 1301 451 ὃ.
1322 368 1387 488 ἱ71.
1821 365 1894 433 250

99 559 144 602 tus
166 555 226 611 est,
252 558 282 602 ut
309 551 332 601 si
360 551 389 602 in
419 552 545 622 singulos
570 570 660 609 annos
680 553 791 633 quatus
809 555 864 616 sit,
884 555 909 606 is
926 551 975 606 ‹ls-
1205 551 1446 624 {Quattuorfolia
1466 549 1611 621 deperdita
1634 549 1717 623 sunt]

99 653 171 688 mum
189 639 351 700 amittitur,
370 638 421 707 qui
438 640 492 689 iam
511 640 681 709 processit!
1022 642 1043 712 §.
1066 658 1107 712 5⁰·
1145 640 1176 694 Si
1191 637 1276 706 fundi
1294 637 1468 705 ususfructus
1476 637 1572 707 suerit
1584 637 1708 705 lagatus,
1727 648 1755 689 et
1766 638 1803 689 sit
1815 654 1893 706 ager,

101 720 122 791 §¹-
140 723 184 788 ct.
221 723 296 775 Item.
316 724 422 774 Sicut⁵¹
441 727 472 777 in
492 742 581 778 annos
597 725 724 794 singulos
738 723 913 794 ususfructus
934 727 975 780 la·
1022 724 1096 782 unde
1113 727 1182 800 palo
1200 725 1231 777 in
1248 724 1387 793 fundum,
1415 725 1495 777 cuius
1521 722 1696 793 ususfructus
1715 723 1823 794 legatus
1842 736 1894 784 est,

8 819 43 889 β,
58 835 82 872 .,
100 807 168 878 gari
183 819 293 877 potest,
311 811 353 859 ita
372 812 455 862 nec⁵²
472 811 569 878 capitis
590 809 776 864 diminutione
795 814 911 866 amissus
928 812 970 870 le·
1020 813 1126 870 soltbat
1140 810 1349 883 paterfamilias
1368 811 1426 872 uti,
1456 810 1505 864 uel
1529 810 1635 870 saliet,
1666 808 1715 861 ort
1732 806 1893 862 arundine.-

98 895 165 966 gari
179 893 354 962 prohibetur,
373 907 404 947 ut
421 891 577 949 adiicietur
591 899 900 970 „quotiensquecttpitt
919 899 972 953 ati·
1017 912 1086 975 puto
1101 903 1108 966 Ι
1122 897 1303 952 fructuarium
1318 896 1342 932 ⁶⁸
1359 895 1491 948 hactenus
1508 896 1552 946 uti
1567 909 1664 964 posse,
1680 911 1716 948 ne
1736 909 1771 947 stt
1785 889 1988 958 ceremonia.

100 1017 118 1041 ,‚
129 987 212 1030 nutus
236 980 329 1042 erit'’,
356 979 401 1032 sel
424 981 465 1031 sio
490 1018 511 1043 „
522 983 650 1052 quotieas
674 981 789 1036 amissus
814 984 870 1038 trit
892 1001 972 1038 usum
1019 985 1090 1053 detq
1108 985 1167 1039 nisi
1173 983 1253 1057 farte
1271 983 1368 1036 salicti
1389 983 1430 1044 ai,
1447 979 1496 1035 uel
1513 979 1602 1034 sileae
1613 979 1733 1050 palaris,
1751 979 1797 1033 rel
1809 995 1892 1032 arun·

100 1066 246 1138 ,‚fructus,
263 1068 292 1120 ei
315 1062 351 1118 do
371 1067 480 1138 lego''.·
498 1081 525 1120 et
551 1080 618 1121 tunc
636 1072 663 1123 si
692 1070 793 1140 capitis
815 1072 971 1125 minutione
1019 1072 1109 1124 ‹lineti
1128 1071 1297 1124 ususfructus
1314 1070 1352 1120 sit
1373 1069 1500 1137 legatus:
1525 1079 1593 1119 tunc
1620 1066 1694 1118 enirn
1719 1076 1748 1120 et
1773 1062 1891 1118 vendere

100 1153 253 1215 amittatur,
270 1155 404 1222 repetitus
424 1151 564 1208 videbitur
578 1159 613 1191 ⁵²·
653 1192 835 1208 .....
871 1173 970 1210 norum
1018 1171 1114 1232 potest.
1157 1175 1221 1210 nam
1247 1168 1274 1208 et
1306 1152 1455 1209 Trebatius
1488 1150 1586 1205 scribit
1627 1150 1724 1205 silvam
1757 1150 1891 1203 eserinam

100 1248 165 1293 sate
189 1239 291 1293 aditam
309 1238 491 1294 hereditatem
526 1273 536 1293 .
570 1277 577 1291 .
616 1278 622 1291 .
661 1281 670 1301 .
703 1282 711 1300 .
748 1280 753 1290 .
936 1246 971 1279 ⁶³·
1018 1261 1098 1320 posse
1107 1243 1305 1317 fructuarium
1323 1236 1462 1300 caedere,
1480 1239 1553 1290 sicut
1566 1237 1773 1309 paterfamilias
1792 1235 1892 1292 caede·

102 1360 333 1381 ......
370 1333 459 1377 netur.
1018 1333 1073 1385 bot.
1112 1331 1198 1390 Item,
1215 1335 1247 1379 ut
1264 1325 1457 1380 arundinetum
1496 1360 1503 1374 .
1540 1360 1545 1372 .
1583 1358 1589 1372 .
1628 1359 1635 1372 .
1671 1320 1815 1384 ·alebat,
1833 1338 1891 1374 non

98 1411 121 1485 ς.
139 1410 183 1467 65,
201 1408 376 1478 Papinianus
394 1409 445 1467 lib.
464 1410 526 1464 Vll.
542 1410 780 1482 Responsorum⁵⁸.
814 1410 905 1484 Equis
920 1433 971 1486 per
1017 1422 1095 1486 puto.
1132 1413 1296 1467 Prohibetur
1332 1450 1339 1463 .
1376 1448 1381 1460 .
1418 1446 1425 1460 .
1460 1411 1528 1463 lieet
1541 1408 1749 1478 paterfamilias
1765 1404 1889 1462 vendere

96 1495 340 1566 fideicommissum
379 1495 486 1548 relictis
521 1509 581 1566 post
611 1513 713 1549 moram
742 1495 832 1548 iaetus
856 1515 969 1570 quoque
1017 1519 1075 1553 non
1103 1499 1227 1558 solebat,
1255 1498 1303 1550 sed
1322 1501 1381 1567 ipse
1406 1497 1466 1548 uti.-
1493 1493 1656 1551 admodum
1674 1495 1746 1547 enim
1766 1494 1890 1564 reseren-

98 1578 303 1653 ptacslabitut·
321 1578 369 1632 teil
388 1581 476 1632 faciut
493 1578 664 1635 secundus⁵⁸
696 1617 968 1638 ·······
1017 1585 1082 1643 dum
1100 1597 1157 1650 est,
1176 1603 1233 1638 nen
1251 1582 1291 1636 asi
1306 1583 1472 1655 qualitatem
1491 1579 1597 1639 utendi,
1628 1579 1740 1631 Cassius
1758 1588 1850 1631 autem
1881 1617 1889 1633 .

101 1702 374 1725 .......
405 1667 428 1719 si
446 1681 553 1737 gregem
572 1667 765 1739 reliquit3rel
782 1683 875 1723 morae
895 1672 967 1724 ectio
1018 1713 1025 1728 .
1063 1710 1070 1724 .
1107 1711 1114 1726 .
1152 1709 1161 1727 .
1198 1709 1204 1721 .
1242 1707 1248 1722 .
1286 1709 1294 1727 .
1332 1707 1340 1724 .
1374 1709 1382 1727 .
1417 1705 1424 1718 .
1468 1665 1632 1720 Seminari⁶⁹
1659 1681 1770 1736 quoque
1797 1681 1889 1716 usuro-

99 1785 507 1809 ..........
544 1755 669 1807 relictum
689 1764 832 1826 sequatur.
1019 1762 1136 1816 fructum
1159 1759 1198 1812 ita
1227 1776 1246 1829 q
1282 1795 1290 1813 .
1326 1790 1333 1806 .
1371 1791 1378 1805 .
1415 1741 1709 1807 conserendi'tantum
1730 1750 1787 1817 agri
1807 1767 1889 1802 causa

99 1835 121 1907 §·
150 1838 187 1890 66
188 1875 501 1897 ........
538 1857 585 1892 um
606 1840 747 1894 usufructu
766 1840 866 1913 legato.
883 1842 969 1910 Uip-⁵⁸
1018 1847 1093 1901 iacta
1112 1856 1176 1899 eunt
1213 1874 1749 1898 .............
1775 1838 1889 1891 arbores

101 1957 541 1978 ...........
578 1927 779 1981 usumfructum
796 1943 876 1999 poste
894 1928 969 1997 lega·
1020 1934 1177 1986 demortuos
1192 1930 1227 1982 ad
1245 1928 1427 1982 fructuarium
1443 1925 1586 1995 pertinere
1613 1963 1620 1979 .
1660 1963 1665 1972 .
1703 1966 1710 1980 .
1747 1961 1752 1971 .
1793 1961 1797 1971 .
1835 1962 1841 1974 .
1882 1961 1888 1971 -

98 2007 152 2060 rt'·
188 2044 194 2057 ·
229 2040 238 2061 s
726 1998 730 2007 Ι
1018 2025 1182 2086 ceteraeque
1200 2014 1331 2069 materiae
1347 2044 1886 2067 ·············

100 2094 123 2164 §-
153 2095 186 2163 67
190 2130 504 2156 ........
524 2097 756 2162 adcrescenrlnm,
776 2107 851 2154 utne
872 2101 968 2152 cuius-
1019 2111 1149 2160 secuntur
1172 2100 1307 2173 numquid
1352 2129 1663 2157 ········
1707 2094 1747 2147 ad
1762 2100 1889 2166 proprie·

103 2215 372 2233 ·······
408 2200 435 2236 m
463 2198 595 2237 summam
623 2185 708 2255 igitur
728 2187 969 2256 patientiameam
1019 2195 1120 2246 tarium
1138 2197 1246 2261 spectet
1269 2195 1316 2240 ut.
1354 2225 1360 2236 ·
1398 2224 1404 2235 -
1440 2222 1447 2234 ·
1486 2223 1491 2234 ·
1528 2219 1535 2233 ·
1572 2220 1578 2233 ·
1618 2221 1623 2230 ·
1660 2221 1665 2230 ·
1703 2224 1710 2240 ·
1749 2221 1753 2230 ·
1792 2219 1798 2230 ·
1835 2221 1842 2235 ·
1881 2220 1888 2233 ·

407 2307 414 2319 .
452 2308 458 2319 .
494 2272 749 2326 ateusnsiruetus
768 2280 969 2344 eaperetcete·
1021 2277 1170 2332 't'rebntius
1191 2284 1283 2328 autem
1302 2272 1468 2345 simpliciter
1485 2302 1754 2327 .......
1792 2309 1800 2325 .
1836 2308 1844 2323 .
1882 2307 1888 2318 .

100 2387 458 2408 ·········
495 2358 592 2420 inea,
620 2359 969 2413 sutiurenoraomues
1020 2384 1080 2421 μη
1100 2382 1145 2417 eas
1164 2363 1308 2415 fructuarii
1354 2401 1362 2415 .
1397 2396 1405 2413 .
1444 2395 1449 2408 .
1488 2395 1492 2406 .
1531 2395 1536 2406 .
1576 2396 1580 2405 .
1619 2395 1624 2404 .
1660 2393 1667 2407 .
1704 2391 1711 2404 ·
1748 2391 1756 2403 ·
1793 2392 1799 2402 ·
1836 2392 1843 2404 ·
1880 2392 1887 2404 ·

100 2472 366 2498 ·······
404 2441 531 2495 fructum·
568 2443 673 2497 Sedis
693 2445 968 2499 s·eteribus⁶⁶rcbus
1018 2453 1198 2509 fructuarium
1217 2450 1279 2499 arim
1312 2486 1319 2500 .
1355 2484 1361 2497 .
1399 2486 1407 2504 .
1442 2482 1448 2495 .
1485 2477 1493 2497 .
1529 2478 1537 2494 .
1575 2477 1581 2485 ·
1616 2471 1624 2487 ·
1662 2479 1668 2492 ·
1705 2479 1712 2494 .
1750 2477 1758 2493 ·
1796 2479 1801 2489 ·
1840 2479 1844 2486 ·
1883 2484 1889 2496 .

100 2560 370 2581 .......
390 2523 493 2582 diserte
512 2529 556 2583 ibi
575 2533 706 2602 seriptum
725 2537 774 2584 est.
809 2531 969 2585 'Verendum
1019 2541 1041 2613 ς.
1060 2557 1103 2608 7¹·
1121 2540 1201 2590 Item.
1218 2537 1264 2588 lia
1281 2534 1357 2586 silva
1376 2529 1483 2587 caedua
1502 2532 1623 2599 usque²⁰
1641 2527 1892 2579 aelurumsuumet

102 2643 373 2669 ·······
392 2629 432 2665 ³⁸·
1020 2626 1105 2679 villae
1124 2638 1204 2694 possa
1213 2621 1406 2692 fructuarium
1430 2616 1524 2682 βω)
1553 2630 1603 2668 rree
1620 2615 1741 2666 materia
1759 2630 1819 2665 eum
1839 2629 1891 2682 pro

100 2694 121 2768 ξ.
131 2697 177 2751 65.
213 2732 219 2744 ·
239 2697 295 2749 tter
311 2710 366 2750 non
382 2699 482 2768 recipit
500 2698 572 2754 hans
589 2701 874 2772 quaestionemque
892 2699 971 2752 ⁰²⁶1·
1018 2713 1097 2778 ligno
1111 2724 1237 2768 usurum,
1255 2708 1281 2757 si
1294 2703 1415 2762 babeat,
1432 2700 1505 2753 unde
1524 2699 1719 2768 utaturligrso,
1736 2698 1827 2750 Labeo
1840 2699 1891 2748 ait:

99 2780 165 2835 vidi
176 2783 308 2855 nequivi
326 2823 334 2838 .
354 2819 360 2831 .
380 2818 387 2832 .
407 2785 478 2836 subt
512 2785 546 2837 Et
569 2793 675 2839 vetares
692 2787 805 2858 quidem
822 2779 971 2839 ee‘stimsn·
1021 2793 1150 2870 idemque
1167 2810 1224 2846 esse
1242 2794 1274 2843 in
1302 2787 1450 2842 arboribus
1477 2786 1592 2848 evulsis,
1616 2786 1665 2837 uel
1686 2783 1719 2836 vi
1743 2784 1889 2837 vetitorum

99 2865 163 2921 dum
181 2879 266 2919 totum
294 2866 494 2940 usumfructum
518 2872 659 2941 putabant
682 2884 709 2926 et
735 2873 773 2924 ita
801 2874 971 2924 constituen·
1023 2883 1106 2936 eriam
1132 2877 1257 2930 detectis.
1294 2875 1362 2926 Puto
1381 2876 1474 2923 tanton
1510 2908 1516 2919 .
1554 2908 1560 2920 .
1597 2906 1606 2922 .
1642 2870 1669 2920 si
1685 2880 1838 2938 totusagsr
1855 2871 1891 2918 sit

100 2953 186 3016 dum,
213 2961 348 3024 quantum
374 2956 411 3006 sit
434 2957 463 3008 in
480 2956 581 3024 legato.
628 2956 678 3011 sed
694 2961 788 3012 Aristo
807 2977 825 3012 a
845 2974 970 3014 veterum
1021 2966 1094 3019 bane
1112 2980 1203 3014 casum
1222 2976 1335 3029 passus,
1361 2974 1455 3011 omnes
1474 2955 1589 3008 arbores
1607 2953 1892 3025 auferresrmtuari·

100 3039 233 3123 opinione
251 3041 379 3103 recessit;
404 3040 443 3090 ait
468 3042 542 3092 enim
569 3059 649 3111 posse
683 3047 840 3117 quartam⁵⁹
872 3061 905 3095 en
937 3063 970 3097 eo
1022 3070 1066 3105 um
1086 3067 1144 3102 non
1159 3051 1271 3118 posse.⁷¹
1286 3044 1425 3096 materiam
1445 3052 1538 3094 tamen
1557 3037 1781 3109 ipsesuccitiere,
1800 3056 1893 3110 quan·

98 3127 172 3178 sicut
190 3143 225 3178 cx
247 3128 410 3196 corporibus
427 3129 562 3189 retineri,
581 3129 664 3200 idque
683 3133 846 3184 lulianus⁶⁰
863 3132 973 3201 probat.
1020 3153 1078 3191 rum
1095 3134 1134 3187 ad
1160 3133 1249 3186 villae
1274 3131 1473 3203 resectionem,
1508 3128 1631 3198 poterit:
1665 3122 1891 3194 quemadmodum

98 3208 123 3280 §a
143 3211 187 3279 69.
205 3210 306 3264 lucius
336 3213 428 3266 Titius
446 3226 608 3266 testamento
627 3232 676 3269 suo
695 3216 768 3268 ita⁶¹
797 3219 870 3269 cavit
908 3218 971 3280 „Do
1020 3221 1149 3274 Neratius
1174 3218 1223 3270 lib.
1245 3219 1291 3275 111.
1310 3216 1538 3267 Membrannrurn
1555 3214 1616 3272 ait,
1643 3213 1744 3263 calcem
1773 3218 1891 3280 coquere

102 3295 186 3365 „lego
206 3296 296 3350 eidem
317 3299 397 3351 Seiae
416 3300 500 3352 uxori
517 3317 593 3354 rasae
672 3303 734 3355 us⁶²
751 3303 819 3356 mibi
830 3320 880 3373 pro
894 3312 972 3372 parte
1021 3308 1069 3360 vel
1087 3323 1203 3358 arenam
1217 3301 1335 3370 fodere,
1363 3298 1479 3352 aliudue
1502 3298 1570 3369 quid
1588 3295 1717 3348 aedilicio
1735 3297 1892 3350 neeessari-

102 3383 200 3443 „heres
221 3391 278 3447 est,
299 3386 498 3454 usumfructum
518 3421 563 3445 ...
583 3387 676 3438 erun⁶³
696 3389 724 3439 in
744 3388 832 3452 diem,
858 3406 913 3459 quo
932 3392 972 3443 le·
1021 3410 1066 3446 um
1084 3406 1190 3445 sumere
1210 3406 1270 3443 tum
1288 3403 1366 3457 posse
1376 3389 1397 3421 ⁷²
1444 3419 1890 3440 ···········

100 3469 232 3538 „gilimitc
254 3474 355 3526 aetatis
373 3476 452 3527 erit.
477 3511 483 3523 .
506 3473 776 3528 .san'sdasionem⁶⁸
802 3478 874 3546 exigi
892 3487 971 3543 vel03
1020 3504 1666 3532 ................
1695 3498 1698 3507 ·
1705 3505 1890 3520 ·····

99 3557 156 3618 „ita
169 3563 272 3622 umen,
293 3566 325 3610 ut
344 3560 379 3610 ab
399 3561 465 3612 aa⁶⁶
545 3569 574 3612 et
591 3562 691 3615 studiis
709 3563 872 3615 liberalibus
891 3565 972 3618 insti·
1021 3562 1095 3632 apud
1114 3562 1271 3615 Labeonem
1290 3560 1391 3628 agitn*
1414 3575 1452 3610 a.
1496 3591 1892 3606 ..........

99 3644 246 3706 „tuctur⁸⁶
264 3682 270 3696 .
289 3686 297 3702 .
318 3683 323 3695 .
340 3646 593 3716 fideicommissario
612 3655 720 3714 prasus
738 3665 848 3701 uxorem
868 3648 902 3700 tle
921 3687 927 3700 .
944 3686 970 3705 ..
1020 3651 1181 3724 pertinere,
1197 3647 1321 3717 quamvis
1339 3645 1469 3697 Proculus
1488 3659 1544 3695 uon
1575 3674 1889 3692 ········

100 3766 300 3787 ........
333 3733 432 3783 torisit
462 3750 518 3786 nou
538 3733 640 3788 debere
662 3736 783 3805 conpelli
800 3734 835 3787 ad
856 3735 974 3789 satistio-
1020 3777 1027 3791 .

99 3819 230 3875 tionem.
250 3856 255 3868 .
274 3855 280 3869 .
1019 3821 1100 3876 Nunc
1119 3818 1288 3883 videndum,
1313 3819 1336 3870 si
1364 3818 1386 3854 ²³
1409 3817 1485 3869 serui
1505 3813 1680 3882 ususfructus
1699 3814 1736 3866 sit
1755 3813 1862 3884 legatus
1873 3815 1895 3846 ²⁸

98 4043 154 4101 qua
174 4030 318 4100 sequentia
340 4031 405 4082 Mai.
424 4030 573 4101 supplevit.
628 4029 673 4100 51)
694 4027 741 4080 ms
757 4028 785 4079 L.
796 4031 868 4099 Lpr.
882 4030 915 4080 D.
926 4029 968 4079 tit.
1020 4044 1052 4080 ex
1073 4029 1133 4097 t'tp.
1156 4027 1205 4078 lib.
1233 4023 1314 4103 XVil.
1340 4020 1374 4105 ad
1402 4019 1740 4104 ⁸³¹³³Pffl⁹.⁰¹!¹.¹¹⁸.⁰¹³².
1760 4016 1827 4096 Mai·
1849 4017 1890 4067 lo·

98 4098 611 4239 illibi.’itit‘illlllt
627 4185 690 4221 Μ
705 4099 822 4238 ilii
842 4099 969 4237 ''iii‘i
1019 4085 1890 4227 {tibitibitiz.·‚.,rr-‘ibitibiibi?“zi

97 4238 162 4305 urg.
211 4254 262 4290 uae
288 4239 372 4292 rerba
404 4242 433 4295 ei
457 4241 520 4311 lego
543 4240 594 4292 ins.
612 4246 675 4307 post
692 4257 717 4293 r.
738 4257 797 4311 rap,
820 4241 888 4297 min.
906 4240 971 4292 erit.
1009 4238 1206 4310 fructuarium
1222 4233 1380 4305 pertinere.-
1410 4232 1451 4279 ita
1469 4239 1561 4280 tamen
1583 4238 1614 4277 ut
1631 4238 1657 4279 et
1675 4224 1796 4307 uendere
1815 4226 1843 4276 ei
1862 4235 1887 4276 st

98 4308 161 4378 53*)
204 4325 324 4366 eramo.
374 4311 420 4380 53)
440 4311 480 4362 lin
500 4309 558 4361 Le.
580 4309 612 4360 Ι).
634 4308 668 4358 de
687 4310 785 4360 usuris.
803 4310 866 4361 Μαί.
921 4308 967 4378 54)
1018 4309 1155 4363 seminare
1185 4305 1277 4356 licent.
1315 4298 1401 4352 Debet
1418 4312 1511 4351 tamen
1529 4296 1694 4349 conserentis
1712 4309 1887 4375 agrtqeausa

96 4376 161 4446 nte.
184 4379 400 4449 praestabitur,
425 4392 455 4432 ut
465 4377 603 4447 fructus,
622 4375 672 4431 sesi
683 4378 760 4446 fctus
780 4378 919 4440 secuntias
937 4391 968 4432 ut
1017 4376 1196 4430 seminarium
1214 4384 1343 4441 paratum
1360 4385 1465 4449 semper
1487 4382 1655 4446 renoscere,¹
1676 4367 1761 4434 qumi
1775 4377 1886 4445 fnum·

97 4464 195 4509 ccusa,
214 4451 394 4519 sicutpartus
409 4450 544 4502 mulieris.
581 4448 612 4500 ln
632 4448 693 4498 loeo
715 4449 829 4501 fortasse
846 4451 967 4503 suerunt:
1016 4458 1134 4502 mentum
1156 4445 1234 4514 agri:
1263 4452 1293 4492 ut
1302 4439 1396 4560 farto
1414 4437 1560 4502 usufructu
1582 4433 1693 4517 lemano
1712 4445 1885 4486 restituatur.

96 4515 254 4590 &dfattus
272 4519 425 4582 secundus,
442 4521 514 4572 sicut
531 4531 629 4591 partus
648 4519 789 4584 mulieris,
808 4537 864 4570 non
883 4533 968 4591 prat·
1018 4519 1064 4588 qo)
1083 4513 1175 4566 Verba
1199 4512 1259 4582 Uip.
1279 4511 1299 4561 li
1322 4550 1329 4566 .
1348 4508 1428 4560 xvlt.
1447 4505 1481 4555 ad
1501 4505 1563 4556 Sab.
1582 4522 1611 4555 m
1640 4502 1669 4553 L
1684 4521 1771 4584 sapr.
1791 4503 1824 4560 D.
1848 4502 1882 4584 ele

94 4585 233 4651 stabitur,
253 4590 310 4641 nisi
326 4607 436 4659 gregem
455 4589 505 4644 rel.
612 4589 661 4652 55)
693 4587 779 4640 Blum.
801 4589 858 4662 Uip.
876 4600 967 4645 notat.
1018 4584 1103 4639 usuir.
1122 4601 1156 4636 ex
1174 4599 1228 4652 qua
1247 4580 1420 4634 Malloeam
1439 4582 1560 4658 nostrum
1597 4576 1803 4656 restiturt3lu⁴
1821 4573 1882 4639 Dsg.

95 4656 143 4727 56)
171 4656 222 4710 Vel
242 4661 348 4713 ceteris.
366 4660 431 4712 Mai.
452 4660 483 4712 V.
504 4659 647 4713 esttribus.
719 4660 766 4729 57)
784 4659 824 4708 lta
845 4659 968 4712 restituit
1017 4665 1073 4710 est:
1108 4653 1259 4708 Arboribus
1278 4650 1378 4705 evulsis
1402 4647 1450 4700 vel
1473 4663 1505 4698 ut
1531 4655 1676 4697 ventorum
1702 4641 1817 4697 detectis
1831 4658 1882 4725 us·

94 4724 200 4780 bucha.
271 4730 316 4796 56)
333 4729 459 4782 Fortasse
480 4730 665 4800 supplendum
683 4734 740 4786 estc
767 4729 854 4783 aliter
881 4741 966 4800 atque
1035 4743 1068 4780 ue
1089 4723 1129 4778 ad
1150 4741 1228 4778 usum
1250 4738 1326 4803 suum
1352 4730 1379 4770 et
1407 4715 1604 4797 villaetposse
1642 4713 1881 4796 usufructuarium

93 4795 123 4848 si
139 4793 313 4867 ususfructus
337 4800 446 4869 legatus
470 4800 514 4852 sit.
551 4799 701 4871 Sequentia
728 4813 761 4850 en
783 4799 911 4870 L.r.§.9.
931 4797 965 4848 D.
1010 4747 1110 4870 ierre,
1145 4795 1312 4847 labeoart:
1339 4803 1389 4840 nse
1414 4798 1534 4839 materia
1565 4801 1625 4837 eum
1648 4802 1700 4854 pro
1720 4785 1881 4863 lrgnoustt·

94 4861 131 4918 ad
153 4867 215 4934 ch.
236 4867 308 4920 Folo.
328 4868 408 4922 inser.
442 4869 524 4924 Paul.
550 4871 597 4922 lib.
626 4871 698 4938 sing.
721 4866 762 4921 ati
776 4868 839 4938 leg.
858 4864 965 4922 Falcid.
1016 4885 1088 4928 rum,
1109 4867 1135 4916 si
1152 4863 1277 4925 babeat,
1304 4857 1376 4912 unde
1396 4868 1494 4908 utatur
1518 4855 1604 4926 ligno·
1644 4856 1729 4920 Quam
1747 4865 1880 4906 sentente-

95 4934 226 4988 restituta
244 4945 325 5000 sunt,
343 4954 414 5006 qssae
433 4939 549 5006 incipite
568 4941 599 4992 Si
617 4939 789 5010 ususfructus
802 4938 966 5007 ingemuit,
1016 4948 1143 5005 amputo
1163 4950 1276 4988 veram:
1308 4927 1437 4999 alioquin
1469 4937 1496 4978 et
1521 4927 1547 4976 si
1573 4936 1647 4976 totus
1666 4923 1788 4994 agersis
1806 4920 1879 5002 buno

93 5005 148 5128 qrqq‘
162 5017 189 5058 tt
207 5002 297 5060 distas·
311 5022 420 5079 potest,
439 5010 587 5128 nontdsicut
605 5024 713 5064 eeteros
731 5008 876 5093 servitutes
890 5004 966 5060 indi-
1016 5023 1109 5059 casum
1134 5021 1252 5125 passqq,
1280 4993 1878 5117 omnesquborqessterqqqunrtt'quqcnttqantetqss

91 5086 299 5218 tresue
314 5091 563 5215 structu
584 5079 637 5214 tt
656 5077 967 5218 reiteretur
1014 5077 1130 5198 tte
1146 5077 1294 5195 Ξ)...
1312 5069 1510 5203 atriu,
1529 5080 1821 5251 ΜΞ).
1840 5128 1880 5180 a

91 5227 159 5265 roca
176 5215 264 5282 item,
306 5234 365 5268 uam
377 5220 464 5280 eieci,
484 5221 548 5288 quia
564 5215 617 5269 boo
633 5219 814 5285 fragmentum
825 5234 858 5270 ex
877 5215 965 5270 Paulli
1013 5216 1101 5269 uillae
1118 5214 1294 5282 refectionem
1310 5220 1393 5278 putot
1410 5221 1504 5274 posse:
1522 5201 1682 5277 quemodmo
1702 5218 1746 5280 um
1762 5199 1877 5280 calcerus

90 5277 142 5335 tib.
159 5282 227 5351 sing.
247 5284 283 5338 nti
314 5303 354 5356 eg.
366 5287 437 5341 Pale.
447 5287 619 5357 desumptum
640 5302 698 5337 esse
715 5287 830 5339 minime.
849 5293 965 5340 constat.
1015 5287 1125 5357 inquit,
1153 5297 1289 5355 coquere,
1315 5279 1362 5331 vel
1385 5292 1500 5329 arenam
1516 5273 1636 5348 fodere,
1667 5266 1789 5350 alaudes¹
1808 5265 1880 5340 qussi

90 5347 414 5427 identiccllnffqupt.
449 5355 705 5428 bailluchbfiliut·
741 5359 966 5430 suetonium.
1015 5354 1148 5409 ardictio
1168 5351 1352 5405 necessarium
1370 5362 1482 5400 sumere.
1578 5341 1635 5424 φ’)
1662 5341 1733 5392 Fort.
1759 5351 1807 5390 att.
1835 5340 1880 5420 lig.

89 5364 336 5491 6016166665.)
357 5425 484 5490 Luem,
503 5427 569 5484 bini.
591 5445 685 5497 quam,
706 5424 778 5481 Keil.
804 5430 967 5481 cautionem.
1016 5428 1061 5495 73)
1103 5421 1276 5480 stL.at.D.
1295 5417 1429 5470 deusuir.
1449 5414 1559 5481 exL'lp.
1578 5413 1626 5492 lib.
1647 5408 1877 5491 xiiistabrn.

89 5489 139 5557 65)
155 5490 261 5552 Buclsb.
278 5509 305 5551 tt
322 5496 424 5552 alatur.
494 5499 540 5568 66)
560 5499 599 5548 lta
619 5495 722 5550 liuthir-
796 5500 843 5566 67)
863 5495 965 5552 Buchls·
1016 5511 1087 5567 quae
1107 5493 1222 5562 incipit:
1258 5490 1288 5544 Si
1312 5489 1387 5541 servi
1403 5484 1577 5552 ususfructus
1596 5492 1631 5532 stt
1648 5475 1879 5563 leqotus,‘qursi·

89 5556 169 5614 im
194 5563 345 5621 Praetoris.
463 5567 510 5635 68)
541 5566 588 5619 list
614 5566 745 5641 L.9.§.7.
769 5568 805 5621 D.
823 5569 857 5621 de
884 5566 969 5620 usuir.
1015 5563 1086 5640 quid
1103 5564 1152 5617 sel.
1241 5564 1289 5631 74)
1321 5558 1415 5628 Suppt.
1438 5570 1497 5606 cum
1516 5549 1618 5605 Bucbb.
1637 5547 1708 5626 quid
1725 5563 1812 5618 tnstt,
1832 5552 1880 5600 aul
