4560 6562
726 1049 1288 1144 PRAEFATIO.

908 1302 1098 1315 ..ι-σιτῇ..-

107 1472 177 1563 lam
195 1527 255 1562 cum
275 1507 438 1570 Niebubrii,
464 1507 552 1559 donec
576 1506 605 1560 in
631 1507 699 1560 vivis
719 1515 777 1559 erat
795 1508 891 1559 eximii
910 1507 979 1569 viri,
1003 1508 1149 1576 sagacitate
1173 1513 1201 1558 et
1226 1504 1391 1558 (ioesehenii
1408 1506 1580 1578 aliorumque
1600 1512 1896 1577 praestantissimorum

107 1601 226 1653 virorum
247 1594 391 1665 diligentia
408 1608 458 1663 pro
477 1591 692 1662 Visigottlsorum
711 1594 794 1655 Caio,
817 1593 847 1646 in
866 1609 921 1663 quo
940 1594 998 1645 lere
1016 1594 1087 1644 torri
1112 1591 1261 1643 Procrustis
1291 1599 1363 1644 artes
1388 1607 1434 1642 cos
1457 1593 1610 1645 exercuisse
1630 1595 1747 1663 dixeris,
1779 1598 1896 1651 hilarem

107 1684 172 1736 Gaii
194 1699 244 1751 per
261 1687 305 1732 tot
322 1679 431 1731 saecula
449 1681 601 1731 miserrime
620 1677 710 1729 habiti
731 1679 837 1730 iaciem·
846 1686 920 1730 recte
941 1678 1063 1746 aspicere
1083 1679 1187 1739 liccat,
1206 1675 1353 1728 mirabitur
1371 1679 1486 1730 sortasse
1507 1679 1608 1749 aliquis
1618 1717 1628 1743 ,
1657 1683 1706 1751 qui
1728 1683 1790 1747 fiat,
1816 1691 1847 1734 ut
1865 1687 1896 1736 in

106 1764 343 1839 repraesentandis
363 1765 487 1817 distortis
506 1762 724 1834 splendidissimi
743 1763 809 1815 oiim
821 1762 879 1813 lCti
899 1763 1027 1815 membris
1048 1769 1076 1814 et
1093 1769 1201 1831 tempus
1219 1768 1343 1815 nostrum
1363 1771 1392 1814 et
1409 1763 1634 1816 aliorumuumos
1651 1767 1806 1835 perdamus.
1843 1769 1897 1820 Di·

106 1855 237 1922 ligentius
256 1867 321 1904 sero
343 1866 400 1902 rem
417 1849 602 1920 perpendenti
621 1849 703 1918 louge
721 1847 803 1901 aliter
822 1847 980 1902 ridebitur:
1008 1865 1071 1904 nam
1089 1856 1122 1901 ot
1138 1848 1305 1901 necessarius
1324 1853 1366 1901 est
1384 1848 1516 1901 deformis
1536 1859 1629 1902 noster
1649 1852 1730 1906 Caius
1750 1854 1779 1907 in
1799 1855 1897 1923 legeu-

107 1941 149 1992 dis
168 1939 292 1990 omniurn
307 1936 364 1988 iere
388 1937 510 2004 priorum
528 1936 596 1987 iuris
614 1933 756 1987 doctorum
775 1933 894 2005 scriptis,
910 1942 1021 2004 praeter
1040 1935 1238 1998 recentissima,
1255 1935 1295 1984 ita
1313 1932 1342 1985 in
1361 1934 1512 2000 reparanda
1531 1937 1758 2009 resarciendaque
1778 1939 1898 2009 genuino

107 2027 275 2077 Gaianorum
301 2024 555 2074 commentariorum
582 2019 715 2090 scriptura
739 2035 821 2072 nemo
848 2019 929 2072 facile
946 2019 1164 2090 Visigottborum
1192 2019 1314 2089 epitome
1338 2034 1429 2071 carere
1451 2022 1562 2089 poterit.
1606 2023 1661 2074 Sed
1679 2027 1793 2093 propius
1812 2027 1897 2080 etiam

108 2111 196 2162 dicam
214 2108 290 2179 quod
308 2125 350 2161 res
370 2115 419 2161 est.
455 2109 628 2176 Propositum
646 2105 728 2158 nobis
747 2113 789 2158 est
809 2093 913 2157 in'hoe
937 2104 1069 2158 uolumen
1095 2121 1190 2158 omues
1207 2104 1294 2157 libros
1311 2103 1503 2175 librorumque
1522 2107 1689 2176 fragmenta,
1706 2116 1845 2181 quotquot
1862 2128 1897 2167 ex

109 2199 169 2248 iure
191 2198 311 2248 Romano
330 2191 484 2247 Iustiniana
502 2192 591 2262 legum
609 2191 751 2245 volumina
773 2198 862 2244 aetate
883 2199 1023 2260 superant,
1043 2189 1181 2258 colligere.
1210 2191 1330 2259 primum
1348 2191 1432 2260 igitur
1450 2192 1584 2259 genuina,
1613 2209 1684 2265 quae
1701 2196 1783 2248 nobis
1799 2212 1897 2265 super-

107 2292 182 2344 sunt,
202 2284 302 2349 scripta
320 2277 464 2341 dedimus,
484 2278 584 2331 Gaium
602 2292 663 2330 cum
681 2279 799 2352 Ulpiano
818 2278 937 2348 aliisque
956 2275 1122 2346 quibusdam
1143 2275 1318 2346 fragmentis,
1336 2275 1473 2329 Marciani
1492 2276 1613 2346 denique
1630 2281 1767 2352 Bulbique
1784 2281 1819 2334 de
1837 2299 1896 2338 asse

107 2365 222 2425 libeliis.
239 2373 297 2418 tum
316 2381 332 2415 a
349 2365 476 2417 Dosithei
496 2363 673 2418 Grammatici
693 2366 829 2433 excerptis
847 2377 895 2417 eos
916 2363 1004 2418 libros
1026 2361 1178 2417 secuudum
1197 2363 1329 2431 temporis
1351 2361 1477 2414 ordinem
1495 2362 1627 2417 exhibere
1656 2369 1804 2436 coepimus,
1824 2385 1899 2438 quo·

108 2470 169 2507 rum
187 2454 271 2505 facies
289 2451 323 2502 ab
346 2451 420 2515 aliis,
439 2452 530 2520 iisque
548 2452 672 2520 privatis,
690 2449 851 2503 hominibus
870 2451 953 2502 modo
972 2448 1149 2510 insolentius,
1166 2445 1246 2500 modo
1262 2446 1413 2499 modestior
1432 2448 1574 2520 immutata
1593 2457 1641 2505 ert.
1679 2453 1735 2503 lam
1752 2455 1782 2504 in
1799 2454 1898 2518 altera,

110 2556 193 2610 quarn
212 2537 382 2598 inchoamus,
407 2537 555 2588 voluminis
573 2544 651 2604 parte
669 2537 865 2592 transeundum
885 2534 967 2588 nobis
984 2534 1094 2588 videtur
1109 2533 1145 2586 ad
1165 2546 1259 2602 opera,
1272 2546 1344 2603 quae
1360 2532 1396 2584 ab
1415 2532 1482 2600 ipsis
1505 2534 1613 2603 regibus
1632 2536 1689 2587 sire
1707 2539 1785 2593 iussu
1804 2541 1897 2608 potius

108 2642 202 2678 eorum
220 2621 255 2676 ab
274 2624 336 2674 aliis
355 2620 513 2673 hominibus
536 2629 586 2674 aut
602 2623 751 2689 composita
770 2628 818 2673 aut
836 2627 962 2689 congesta
982 2626 1064 2681 sunt,
1091 2625 1124 2670 ut
1147 2617 1221 2687 leges
1244 2625 1294 2669 aut
1316 2631 1368 2689 pro
1393 2617 1501 2684 legibus
1526 2628 1624 2672 esseut
1667 2621 1764 2692 Neque
1787 2623 1817 2676 in
1844 2623 1898 2679 hae

105 2718 183 2781 parte
202 2707 333 2778 temporis
351 2706 418 2758 ordo
436 2704 518 2757 nobis
537 2703 705 2760 deserendus
724 2713 767 2759 est
783 2707 874 2759 visus:
893 2706 948 2760 nisi
965 2705 1041 2776 quod
1058 2701 1242 2766 Theoderici,
1261 2702 1501 2772 Ostrogotthoruro
1532 2709 1616 2774 regis,
1638 2706 1760 2762 edictum
1778 2716 1842 2777 post
1864 2725 1898 2766 ca

105 2800 207 2866 scripta
229 2794 386 2864 posuimus,
411 2807 446 2844 ex
472 2788 576 2861 quibus
603 2791 650 2843 lea
676 2791 796 2846 Romana
816 2790 1034 2862 Visigotthorum
1051 2791 1202 2859 composita
1218 2795 1276 2856 est3
1304 2787 1434 2860 equidem
1456 2792 1525 2843 moti
1542 2792 1707 2856 rationibus,
1725 2809 1794 2865 quas
1813 2809 1899 2865 expo·

105 2897 173 2936 nere
200 2881 327 2950 longum,
349 2893 440 2950 neque
458 2877 642 2941 necessarium
660 2887 721 2943 est,
740 2893 802 2929 oum
822 2877 897 2932 ultro
914 2893 973 2930 sese
993 2874 1179 2946 cogitantibus
1196 2879 1319 2929 offerant
1356 2882 1412 2928 stat
1431 2877 1514 2944 igitur
1532 2878 1562 2929 iu
1579 2878 1676 2930 limine
1696 2879 1797 2942 Caius,
1822 2879 1899 2931 Visi-

105 2965 243 3034 gotthicus
262 2964 325 3028 ille,
350 2979 432 3034 quem
450 2963 630 3033 fragmentum
651 2963 796 3032 Papiniani
823 2963 940 3035 excipit,
968 2978 1134 3034 quamquam
1158 2961 1188 3014 iu
1205 2961 1266 3030 lege
1284 2960 1403 3014 Romana
1422 2961 1507 3028 Visig.
1526 2963 1614 3015 Paulli
1637 2967 1792 3018 sententiae
1810 2963 1897 3019 libros
1926 2970 1946 3010 Ι

106 3051 225 3104 Gaiaoos
240 3048 438 3120 sequebantur,
471 3049 563 3119 Atque
576 3051 606 3102 iu
621 3047 665 3101 his
679 3048 791 3121 quidem
809 3050 923 3104 edendis
933 3048 1103 3101 uosbeatum
1114 3044 1292 3101 Hauboldnm
1308 3049 1427 3101 maxime
1444 3049 1523 3118 sequi
1542 3049 1657 3112 debere,
1674 3050 1708 3113 si,
1725 3066 1796 3121 quse
1815 3050 1897 3105 ruodo

106 3137 331 3213 significavimus,
350 3150 410 3185 cum
422 3134 540 3201 exempli
562 3133 597 3183 ab
615 3132 668 3186 hoc
684 3136 743 3186 viro
767 3134 835 3186 editi
855 3136 962 3187 ratione
979 3143 1062 3203 atque
1080 3131 1175 3184 indole
1194 3133 1356 3199 contuleris,
1376 3132 1459 3185 facile
1477 3132 1621 3187 nobiscum
1642 3137 1753 3189 senties.
1777 3139 1803 3188 ls
1822 3138 1897 3190 cuim

106 3224 158 3284 ris,
184 3223 262 3272 cuiars
282 3237 385 3271 nomen
403 3235 435 3269 ex
454 3222 490 3270 iis
508 3226 558 3281 cst,
581 3235 652 3288 quae
670 3220 808 3273 saeculum
824 3227 946 3271 nostrum
966 3227 1074 3281 ornant,
1094 3219 1124 3271 in
1145 3217 1252 3271 edendo
1268 3215 1329 3270 Caii
1347 3219 1485 3288 exemplo,
1501 3219 1577 3289 quod
1595 3222 1625 3272 in
1639 3223 1813 3287 lierolineusi
1835 3225 1898 3274 iure

107 3307 182 3360 cirili
211 3306 370 3357 auteiustin.
396 3304 486 3372 (1815.
505 3306 532 3359 8.
552 3320 630 3373 pagg.
655 3305 959 3376 187...ali.)habcs,
984 3322 1044 3357 eam
1070 3304 1126 3357 sibi
1151 3301 1297 3372 scripserat
1314 3289 1403 3375 legem
1421 3305 1468 3372 (ci.
1487 3305 1508 3357 l.
1524 3321 1546 3356 c
1565 3323 1625 3375 pag.
1650 3309 1709 3362 188.
1726 3314 1783 3358 not
1804 3306 1846 3377 i),
1865 3314 1899 3362 ut

93 3409 212 3454 ,memor
241 3405 347 3458 semper
366 3398 454 3450 esset,
480 3406 537 3441 uon
566 3390 636 3453 Caii,
664 3390 712 3442 sed
737 3392 839 3446 Auiani
862 3393 1024 3462 scripturam
1047 3392 1083 3444 ab
1111 3389 1218 3444 editore
1236 3390 1509 3462 repraesentandam,
1527 3408 1619 3463 neque
1639 3394 1699 3445 eius
1717 3408 1890 3448 esseeurare

108 3478 176 3550 quid
201 3475 285 3528 scribi
311 3475 471 3537 debuisset,
496 3476 561 3527 dum
580 3475 648 3548 quid
666 3479 832 3547 epitomator
849 3493 913 3531 vere
930 3479 1071 3550 scripserit
1086 3482 1258 3549 assequatur.
1295 3478 1317 3530 Α
1336 3493 1390 3549 qua
1406 3477 1482 3546 lege,
1505 3479 1629 3550 quamvis
1647 3479 1728 3532 amici
1744 3481 1824 3542 mei,
1847 3495 1897 3532 ce·

107 3571 228 3616 terarum
251 3558 449 3630 Visigotthicae
476 3562 658 3612 Rornanorum
677 3564 744 3632 legis
762 3565 882 3632 partium
901 3563 1030 3626 editores,
1045 3579 1102 3616 non
1121 3565 1160 3616 ita
1177 3577 1270 3631 presse
1286 3564 1411 3617 eamdem
1430 3567 1509 3634 sequi
1525 3571 1658 3633 poterunt
1688 3564 1760 3634 (cum
1784 3563 1829 3616 his
1853 3565 1897 3618 vi-

108 3651 146 3702 ris
172 3646 323 3701 curandum
350 3647 420 3706 erit,
445 3653 491 3706 ut,
520 3654 652 3717 quantum
675 3664 740 3716 prae
766 3648 943 3700 instrumenti
970 3646 1102 3700 editionis
1121 3647 1247 3700 bonitate
1265 3648 1325 3701 lieri
1343 3653 1457 3717 poterit,
1476 3651 1576 3718 scripto
1595 3651 1728 3713 reficiant,
1740 3651 1897 3705 instaurent

108 3743 138 3785 et
155 3735 185 3786 ln
202 3734 343 3803 pristinam
364 3730 444 3802 quasi
465 3730 654 3784 condicionem
679 3732 841 3804 reducant),
870 3732 939 3785 mibi
957 3733 1089 3804 quidem,
1118 3741 1264 3804 postquam
1282 3735 1417 3802 genuinus
1435 3735 1521 3786 Gaius
1539 3737 1592 3788 iam
1612 3736 1718 3789 dudum
1735 3737 1816 3790 nobis
1834 3736 1897 3790 red-

108 3817 183 3872 ditus
209 3825 270 3881 est,
297 3816 444 3868 abhorrere
468 3817 581 3872 minime
608 3818 705 3884 licuit3
730 3821 787 3887 ipsa
813 3834 876 3870 vero
903 3833 947 3869 me
971 3821 1074 3883 morit,
1095 3834 1132 3870 ne
1150 3819 1185 3870 ab
1204 3818 1351 3870 ilauboldo
1372 3821 1544 3884 recederem,
1570 3822 1624 3872 nisi
1651 3822 1681 3873 in
1697 3824 1791 3892 paucis
1809 3824 1895 3886 locis,

108 3903 160 3956 ubi
181 3903 216 3955 de
234 3902 450 3972 visigotthorum
468 3904 602 3971 scriptura
620 3904 700 3956 alitcr
720 3902 884 3966 sentiebam,
902 3912 985 3974 atque
1011 3903 1078 3956 ille:
1096 3906 1120 3956 si
1138 3905 1248 3967 rectius,
1270 3920 1418 3966 assensum,
1437 3908 1481 3957 sin
1499 3909 1600 3971 minus,
1620 3908 1728 3962 veniam
1749 3908 1819 3961 mibi
1837 3923 1895 3960 non

109 3988 258 4058 denegabit
268 4004 371 4060 aequus
386 3988 479 4037 lector.
499 3987 595 4059 Neque
606 3990 636 4040 iu
647 3991 860 4052 commentariis,
878 4007 947 4060 quoa
958 3988 1073 4052 subieci,
1091 3991 1193 4043 criticis
1208 3991 1324 4043 lectores
1333 3992 1432 4045 multas
1442 3994 1526 4046 relius
1539 4009 1672 4047 resnoras
1682 4003 1848 4063 exspectare,
1859 4010 1895 4067 ne

108 4074 295 4144 decipiantur:
311 4089 373 4125 nam
392 4072 413 4124 ii
432 4089 542 4143 quoque
559 4075 646 4126 multo
663 4078 753 4144 ,magis
775 4075 922 4129 Haoboldo
943 4092 1025 4145 qoam
1043 4076 1112 4129 mibi
1131 4075 1276 4129 debentur.
1312 4075 1368 4129 Sed
1386 4077 1420 4131 de
1439 4086 1534 4141 textu,
1560 4094 1642 4148 quern
1661 4088 1775 4139 vocant,
1798 4080 1894 4146 (exee-

108 4169 157 4230 pta
175 4162 200 4226 ς.
219 4160 270 4212 ult.
291 4159 434 4227 epitomes,
452 4159 486 4210 de
505 4177 559 4231 qua
578 4160 634 4212 rid.
653 4164 729 4230 ann.)
745 4161 913 4215 monendum
933 4161 1043 4213 videtur
1067 4179 1111 4215 me
1135 4164 1287 4225 curavisse,
1316 4168 1348 4213 nt
1368 4161 1506 4233 obliquis,
1523 4160 1554 4215 id
1573 4171 1616 4215 est
1633 4167 1758 4227 cursivis,
1785 4163 1887 4217 litteris

109 4246 328 4314 exprimerentur
354 4259 386 4293 ca
403 4245 504 4308 rerba,
528 4262 598 4315 quae
618 4261 652 4298 ex
670 4250 795 4318 genuinis
814 4248 878 4300 Gaii
895 4248 1096 4300 commentariis
1111 4234 1261 4316 visigotthi
1280 4247 1310 4297 iu
1329 4247 1469 4314 epitomen
1490 4256 1753 4319 transsumpscrunt3
1779 4249 1886 4303 litteras

107 4345 173 4384 vero
197 4332 301 4383 maiore
324 4329 397 4382 inter
412 4330 532 4400 singulas
551 4333 647 4384 relicto
666 4337 755 4403 spatio
770 4336 837 4403 poni
851 4333 929 4394 iussi,
941 4335 1069 4403 quotiens
1080 4332 1161 4383 rerba
1177 4332 1359 4399 imprimenda
1381 4340 1469 4396 erant,
1487 4349 1558 4403 quae
1571 4334 1721 4387 Veronensi
1740 4334 1829 4387 codici
1841 4335 1893 4389 de-

108 4424 188 4470 sunt:
208 4432 280 4486 quac
305 4431 348 4468 res
370 4423 399 4467 et
418 4416 448 4469 in
468 4418 635 4469 restituenda
655 4417 819 4473 Gaianorum
846 4423 1101 4474 commentariorum
1128 4419 1261 4486 scriptura
1286 4416 1407 4486 aliquem
1427 4434 1505 4470 usum
1528 4417 1642 4483 habere,
1666 4428 1696 4472 ct
1720 4423 1797 4491 quasi
1825 4422 1894 4492 lcgis

108 4503 186 4556 Rom.
204 4501 289 4571 Visig.
311 4503 521 4570 compositorum
539 4504 663 4555 laborem
682 4506 764 4558 nobis
782 4515 846 4559 autc
867 4508 959 4560 oculos
977 4521 1078 4576 ponere
1096 4520 1175 4574 posse
1194 4502 1353 4569 ridebatur,
1374 4503 1475 4573 quibus
1494 4505 1529 4557 de
1546 4507 1645 4568 causis,
1664 4509 1787 4577 quamvis
1806 4507 1894 4562 taedii

109 4587 316 4659 plenissimam,
343 4603 435 4657 neque
461 4588 567 4660 ubique
594 4591 715 4643 iocorum
739 4593 804 4644 satis
830 4599 890 4643 tuto
909 4590 1122 4661 perficiendam,
1140 4598 1233 4643 tamen
1250 4590 1410 4642 tentandam
1432 4607 1490 4642 csse
1508 4595 1673 4659 putavimus,
1690 4596 1788 4645 erectis
1807 4593 1891 4662 igitur

110 4675 169 4727 alre
192 4674 329 4743 antiquis,
357 4681 389 4725 ut
413 4674 574 4742 typothetae
592 4677 760 4746 loquuntur,
779 4677 878 4729 litteris
896 4677 997 4745 scripta
1014 4683 1080 4729 sunt
1096 4692 1168 4745 quae
1186 4678 1216 4728 in
1234 4676 1327 4728 codice
1346 4675 1498 4728 Veronensi
1517 4677 1616 4740 aliter,
1645 4687 1728 4749 atque
1747 4679 1777 4730 iu
1796 4686 1891 4731 nostro

110 4757 231 4822 libello,
259 4757 399 4825 leguntur3
425 4759 472 4811 sed
491 4778 562 4832 quae
584 4779 618 4814 ea
634 4763 684 4815 ilio
706 4761 798 4814 codice
817 4763 928 4814 omnino
948 4770 1129 4824 evanuerunt,
1144 4761 1363 4831 discriminatis,
1374 4771 1404 4814 ut
1420 4762 1503 4813 modo
1521 4763 1594 4826 dixi,
1613 4763 1765 4816 litterarum
1787 4763 1889 4816 formis.

111 4843 171 4914 Qui
194 4845 309 4913 margini
330 4843 461 4914 adscripti
478 4854 544 4899 sunt
560 4851 685 4912 numeri,
710 4849 730 4899 ii
748 4848 872 4902 referunt
891 4848 1006 4902 lectores
1024 4846 1060 4899 ad
1077 4847 1140 4900 Gaii
1158 4848 1366 4901 institutionum
1384 4849 1566 4917 genuinarum
1583 4851 1793 4904 commentarios
1813 4862 1894 4919 para-

109 4928 292 5000 grapbosque.

181 5015 269 5078 ilaec,
289 5020 322 5065 ut
337 5020 442 5064 rectum
464 5014 498 5065 de
518 5015 610 5084 opella
628 5024 720 5071 nostra
742 5018 876 5074 iudicium
893 5019 965 5076 t'etre
982 5019 1082 5091 possis,
1100 5033 1158 5073 nou
1175 5017 1281 5071 nescire
1301 5015 1394 5071 debes.
1429 5020 1508 5084 Vale,
1526 5020 1621 5076 lector.

252 5099 412 5155 scribebam
432 5101 542 5152 nonnae
560 5101 652 5170 pridie
669 5104 729 5157 liai.
747 5105 811 5157 Dec.

360 5185 427 5237 anui
445 5187 643 5242 cloiocceaaar.
