4560 6562
385 446 390 457 „
408 385 480 457 est
1154 383 1443 460 PRAEFATIO.

398 576 622 643 dolososoiior,
654 577 673 636 i,
699 592 722 628 e.
742 577 857 645 primum
882 576 1016 644 integrum
1043 571 1141 626 folium
1181 581 1210 626 et
1230 575 1317 627 octavi
1336 577 1447 629 tertiam
1466 581 1591 646 partem,
1620 591 1691 648 quse
1709 593 1823 631 numero
1843 578 1966 630 fasciculi
1985 577 2117 646 insignita
2138 587 2190 639 cst,

403 670 476 724 nibil
495 677 636 741 superest3
664 686 712 723 sex
730 671 894 723 intermedia
917 669 983 722 r‘olia
1002 669 1153 737 perierunt.
1203 668 1338 721 Dubitare
1358 675 1450 722 tamen
1468 671 1534 723 licet
1557 688 1628 724 anne
1648 670 1691 723 his
1713 672 1935 723 annumerandae
1956 671 2012 722 siut
2030 687 2081 724 eac
2099 688 2190 722 mem-

400 764 519 827 branae,
540 780 608 835 quas
630 764 739 828 lllaius,
765 767 859 816 nescio
882 781 935 833 qua
953 765 1077 823 ratione,
1096 760 1217 813 secundo
1233 762 1293 812 loco
1312 764 1414 831 posuit.
1448 779 1509 814 nam
1530 764 1559 817 id
1580 770 1686 816 tautum
1703 764 1795 833 liquet
1811 779 1856 815 eas
1877 765 1911 817 ad
1931 762 2057 816 eumdem
2074 766 2188 817 titulum

399 861 446 929 (ca
463 870 551 929 empto
569 871 597 912 st
616 856 738 927 vendito)
759 867 801 921 et,
819 876 879 910 cum
898 859 1088 928 quaternionis
1106 865 1199 909 notam
1219 874 1274 908 non
1293 857 1460 920 exhibeant,
1477 858 1513 909 ad
1531 857 1649 910 mediam
1670 867 1775 927 partem
1794 857 1916 909 fasciculi
1933 858 2076 910 cuiusdam
2094 861 2185 925 perti·

399 966 474 1003 nere.
510 949 710 1019 Quaternionis
728 950 784 1001 XV.
806 950 861 1019 (tit.
882 950 915 1003 de
934 952 1097 1024 usufructu)
1121 957 1230 1003 exstant
1246 949 1314 1000 lolia
1334 951 1451 1018 primunr
1470 959 1498 1004 et
1523 959 1669 1015 octavum,
1701 960 1730 1002 et
1750 967 1781 1002 ea
1799 950 1910 1021 quidem
1931 952 2052 1018 integra5
2077 950 2128 1005 aad
2146 967 2186 1003 se·

400 1044 483 1096 cundi
502 1050 530 1097 et
547 1045 659 1113 septimi
678 1045 758 1096 tertia
775 1052 881 1097 tautum
904 1059 980 1113 parsq
1008 1051 1138 1115 quattuor
1165 1043 1327 1095 intermedia
1347 1043 1545 1099 desiderantur.
1582 1045 1663 1116 Quae
1679 1051 1831 1115 sequuntur
1851 1045 1880 1094 in
1898 1043 1963 1094 Maii
1989 1045 2133 1112 escmplo,
2153 1062 2185 1096 cs

402 1136 584 1205 quaternione
603 1135 674 1186 XVI.
695 1135 838 1204 desumpta
857 1151 915 1187 csse
935 1137 1021 1204 ipsius
1040 1135 1170 1186 materiae
1187 1154 1272 1188 nexus
1291 1138 1399 1206 probat.
1444 1140 1562 1192 Primum
1580 1147 1686 1194 tautum
1705 1140 1801 1191 r‘oliuru
1822 1139 1903 1191 liuius
1925 1139 2048 1191 fasciculi
2070 1139 2184 1208 periisse

400 1228 521 1293 ridetur3
540 1229 689 1281 seeundum
709 1238 737 1282 et
755 1232 913 1297 septimum,
934 1245 1004 1300 quac
1029 1231 1102 1281 inter
1114 1247 1143 1281 sc
1153 1229 1310 1293 cohaerent,
1329 1231 1433 1297 integra
1443 1229 1585 1290 habemus.
1622 1232 1728 1292 Octavi,
1745 1231 1819 1300 qnod
1835 1232 1922 1283 Maius
1940 1231 2072 1282 nonsatis
2084 1229 2185 1279 idonea

399 1325 507 1376 racione
524 1323 705 1392 quaternioni
726 1323 808 1377 llVll.
829 1325 994 1391 assignavit,
1011 1322 1141 1392 quodque
1159 1340 1220 1375 cum
1239 1324 1422 1393 praecedente
1440 1324 1474 1375 ad
1493 1325 1538 1382 tit.
1554 1321 1588 1378 de
1606 1341 1637 1377 rc
1657 1325 1760 1377 uxoria
1781 1337 1807 1376 et
1826 1321 1934 1375 dotibus
1953 1325 2092 1392 pertinet,
2112 1323 2181 1375 duae

395 1424 488 1486 partes
507 1422 672 1485 supersunt;
694 1418 788 1479 tertia,
807 1417 835 1468 in
854 1432 907 1481 qua
928 1417 1033 1485 siguum
1048 1417 1238 1486 quaternionis
1261 1416 1347 1469 tuisse
1365 1417 1506 1484 auspicor,
1529 1416 1648 1469 abscissa
1674 1426 1724 1475 est.
1769 1417 1966 1469 Pluraserrata
1986 1424 2051 1467 sunt
2067 1431 2101 1466 ex
2121 1433 2184 1487 qua·

397 1511 525 1565 ternione
546 1509 650 1563 xxvii.
684 1510 750 1578 (tit.
774 1509 807 1562 dc
825 1512 1034 1579 excusatione).
1079 1511 1249 1564 desideratur
1269 1521 1375 1565 tantum
1394 1510 1491 1564 lulium
1510 1512 1632 1564 tertium.
1677 1511 1766 1581 quarti
1786 1511 1846 1562 lolii
1866 1524 1925 1561 non
1947 1510 2001 1561 nisi
2021 1512 2105 1563 tertia
2124 1528 2184 1580 pars

396 1610 539 1672 superest,
554 1603 624 1655 sexti
645 1618 707 1671 pars
726 1604 809 1653 tertia
828 1604 944 1655 interiit.
982 1604 1136 1671 Quaternio
1158 1604 1292 1656 xxvrttt.
1313 1606 1369 1674 (tit.
1389 1602 1502 1675 quondo
1521 1602 1712 1685 donato'el,
1731 1610 1758 1654 et
1778 1601 1811 1655 dc
1832 1601 2031 1655 donationibus
2049 1606 2111 1672 rel.)
2130 1605 2183 1657 iere

397 1701 505 1766 integer
532 1703 653 1748 servatus
673 1705 732 1747 est:
767 1696 896 1748 soliorum
928 1705 1021 1749 tamen
1043 1696 1156 1749 secundi
1178 1705 1206 1749 et
1224 1698 1294 1750 sexti
1314 1700 1385 1752 duae
1402 1703 1493 1767 partes
1511 1699 1661 1768 perlernnt.
1701 1697 1893 1764 fragmentum
1913 1696 2034 1765 denique
2052 1699 2132 1750 tituli
2153 1698 2183 1750 ds

399 1789 590 1861 cognitoribus
605 1801 631 1842 et
642 1790 874 1859 procuratoribus
888 1792 922 1840 ad
938 1790 1040 1861 calcem
1056 1790 1202 1842 collocarit
1212 1792 1312 1855 Maius,
1330 1795 1395 1863 quia
1414 1793 1492 1845 nullo
1506 1794 1613 1846 numeri
1625 1793 1703 1861 signo
1721 1800 1796 1845 certo
1813 1791 1873 1843 loco
1885 1793 2056 1860 assignatum
2075 1806 2133 1862 qua
2152 1793 2184 1840 de

397 1901 477 1936 causa
496 1883 587 1937 medio
606 1882 735 1936 iasciculo
755 1883 803 1935 bas
824 1883 994 1935 membranas
1011 1884 1152 1936 vindicare
1170 1901 1226 1936 nou
1244 1885 1363 1950 dubito,
1398 1887 1436 1938 ita
1455 1892 1561 1950 tamen,
1593 1895 1624 1938 nt
1644 1885 1699 1938 duo
1718 1891 1766 1936 aut
1792 1892 1922 1954 quattuor
1949 1885 2015 1937 iulia
2037 1885 2111 1935 iuter
2141 1902 2184 1936 eas

394 1979 528 2033 excidisse
547 1985 650 2048 putem.

502 2074 651 2143 Antiquior
669 2073 813 2140 scriptura,
833 2071 954 2141 quamvis
963 2070 1056 2121 abluta
1071 2072 1269 2142 versiculisque
1281 2075 1440 2126 recentioris
1459 2072 1838 2143 scripturaesuperimpositis
1859 2078 1998 2139 cooperta,
2020 2075 2111 2124 omnis
2129 2073 2182 2124 iere

396 2169 451 2237 legi
471 2168 569 2237 potuit„
617 2166 747 2232 Singulae
764 2164 879 2234 paginae
897 2180 991 2216 versus
1012 2163 1124 2231 triginta
1144 2164 1212 2216 duos
1231 2181 1333 2235 eosque
1352 2168 1515 2236 praelongos
1533 2166 1761 2235 complectuntur.
1808 2162 1884 2230 Quos
1912 2181 2003 2216 versus
2032 2173 2098 2236 post
2127 2166 2182 2216 erli-

395 2270 485 2311 torem
506 2260 656 2310 Romanum
674 2258 832 2326 speciminis
850 2272 931 2309 causa
952 2256 1064 2325 depingi
1083 2259 1253 2321 curarimus,
1268 2258 1291 2308 ii
1309 2258 1531 2312 litterashabent
1548 2275 1563 2310 a
1583 2258 1762 2328 quadraginta
1780 2257 1867 2309 tribus
1889 2274 1975 2327 usque
1994 2258 2028 2310 ad
2047 2261 2184 2329 quinqua-

395 2357 472 2423 ginta
491 2368 581 2411 uuam,
617 2351 781 2404 Litterarum
800 2352 902 2413 torma,
923 2350 988 2404 Gaii
1013 2349 1176 2403 Veronensis
1195 2353 1346 2423 scripturae
1360 2354 1474 2415 similis,
1494 2361 1522 2405 et
1542 2355 1668 2422 siglarnm
1688 2355 1862 2422 frequentia,
1886 2367 2001 2420 quarum
2022 2353 2185 2422 praecipuae

395 2449 426 2499 iu
444 2445 596 2516 specimine
617 2445 667 2497 illo
694 2444 837 2497 exhibitae
854 2450 936 2508 sunt,
966 2445 1094 2513 quintum
1113 2444 1156 2497 rel
1174 2452 1281 2498 sextum
1301 2447 1440 2498 sacculum
1461 2446 1594 2500 redolent.
1641 2446 1782 2497 Praeterea
1802 2446 1969 2497 credendum
1988 2462 2045 2498 uon
2064 2456 2107 2499 est
2127 2457 2185 2517 post

395 2541 545 2596 iustiniani
563 2547 687 2607 tempora
707 2539 835 2591 librarios
855 2541 884 2590 in
903 2538 971 2589 iuris
990 2539 1099 2607 antiqui
1120 2538 1245 2607 reliquiis
1265 2538 1453 2592 describendis
1470 2555 1581 2609 operam
1601 2554 1677 2590 suam
1691 2540 1900 2606 consumpsisse.

502 2634 577 2687 Haec
596 2632 730 2685 sulliciant
749 2632 783 2683 de
803 2630 898 2683 codice
916 2631 1122 2700 manuscripto,
1145 2648 1227 2701 quem
1247 2633 1278 2685 in
1296 2636 1474 2687 annotatione
1494 2641 1586 2686 nostra
1603 2633 1695 2684 littera
1723 2633 1752 2683 V.
1779 2629 1935 2702 (Vaticon.)
1960 2633 2105 2703 designare
2123 2637 2181 2704 pla·

397 2732 462 2782 cuit.
495 2742 569 2781 nuuc
594 2725 735 2779 rideamus
766 2723 906 2794 quomodo
925 2725 948 2776 is
965 2723 1072 2793 publici
1088 2726 1156 2776 iuris
1174 2724 1262 2780 factus
1283 2726 1327 2781 sit
1380 2727 1464 2796 Quod
1483 2727 1596 2798 quidem
1614 2742 1679 2796 prae
1698 2729 1796 2779 ceteris
1815 2727 1920 2796 Angeia
1939 2727 2014 2779 Maio
2038 2730 2180 2792 debemus,

395 2824 445 2894 qni
466 2837 516 2892 pro
537 2836 586 2874 sur
605 2821 634 2873 in
653 2819 817 2889 indagandis
837 2817 1021 2887 palimpsestis
1039 2818 1174 2870 industria
1192 2819 1314 2874 codicem
1331 2820 1376 2873 bis
1395 2823 1527 2890 scriptum
1548 2837 1607 2874 esse
1623 2822 1728 2890 primus
1739 2819 1951 2883 animadvertit,
1968 2828 1997 2874 et
2015 2823 2184 2886 acutissime,

396 2933 452 2989 quo
471 2923 587 2971 naturae
609 2914 683 2969 dono
703 2915 823 2983 gaudet,
841 2914 947 2966 auxilio
965 2914 1130 2982 scripturam
1148 2914 1267 2967 deletam
1287 2921 1372 2984 atque
1391 2916 1573 2970 recentiorum
1595 2915 1749 2968 litterarum
1770 2914 1864 2981 iigrtris
1882 2914 2009 2968 obrutam
2025 2916 2184 2986 explicarit,

393 3009 450 3066 Sed
467 3025 528 3062 cum
546 3012 590 3064 ris
608 3008 705 3061 doctm
725 3024 741 3061 a
759 3009 827 3060 iuris
845 3008 961 3060 scientia
979 3005 1086 3058 alienus
1105 3014 1192 3070 esset,
1210 3006 1370 3061 felicissime
1388 3008 1494 3071 evenit,
1512 3015 1544 3060 ut
1560 3008 1683 3060 blumlus
1706 3014 1799 3061 noster
1816 3015 1884 3059 tunc
1902 3006 2002 3058 Romae
2021 3017 2182 3070 moraretur,

295 3119 300 3123 ·
395 3106 473 3158 cuius
493 3104 617 3157 doctrina
639 3117 672 3153 ac
690 3101 839 3170 sagacitate
857 3101 886 3151 in
904 3097 1029 3170 legendis
1049 3105 1079 3151 et
1098 3099 1277 3155 restituendis
1293 3102 1338 3153 his
1359 3102 1519 3171 fragmentls
1538 3115 1709 3170 summopere
1727 3114 1756 3152 se
1774 3099 1899 3153 adiutum
1917 3100 2003 3151 fuisse
2024 3102 2084 3171 ipse
2097 3102 2182 3155 birine

393 3204 512 3252 testatus
533 3198 603 3249 cst⁸.
650 3197 807 3251 nolendum
834 3200 926 3246 tamen
951 3200 994 3245 est
1017 3193 1155 3246 blumium
1173 3201 1288 3265 propter
1303 3195 1418 3249 nimiam
1435 3191 1550 3248 editoris
1572 3193 1779 3246 festinationem
1799 3194 1828 3246 ia
1846 3193 1948 3246 librum
1965 3195 2028 3263 plns
2049 3197 2183 3266 temporis

393 3294 530 3349 insumere
549 3291 741 3364 nequivisse⁴3
760 3290 887 3362 alioquin
905 3288 953 3342 bic
969 3289 1012 3342 vir
1029 3286 1199 3343 retractandi
1216 3287 1320 3341 codicis
1336 3288 1527 3341 necessitatem
1546 3295 1620 3341 certe
1640 3286 1745 3338 nnllam
1764 3286 1930 3356 reliquisset.
1978 3286 2089 3339 Prodiit
2115 3305 2182 3357 opus

397 3404 458 3441 cusu
478 3387 541 3439 aliis
561 3384 738 3457 antiquitatis
759 3383 970 3438 monumentis⁸
997 3381 1048 3436 sub
1067 3382 1167 3435 titulo:
1198 3381 1272 3436 luris
1297 3383 1393 3438 civilis
1411 3382 1645 3439 ontss'ustinionsi
1663 3381 1802 3452 reliquiae
1822 3379 1944 3435 ineditas
1963 3397 1999 3434 ex
2020 3380 2118 3438 codice
2139 3401 2183 3436 re·

400 3627 574 3642 m

863 3804 887 3859 5·
924 3802 958 3875 Q
988 3800 1096 3858 xxvii.
1113 3802 1162 3861 sol.
1183 3801 1419 3871 bmfol.
1437 3800 1509 3853 titt

1016 3888 1044 3942 p.
1070 3874 1112 3927 ba·
1136 3889 1151 3924 a
1178 3873 1205 3932 b,
1370 3890 1396 3942 p.
1420 3873 1463 3939 ⁸9·
1483 3886 1507 3921 a.
1525 3869 1552 3919 b.
1566 3872 1606 3939 (ᾗ)

1369 3959 1396 4011 r·
1415 3944 1458 4008 tl·
1477 3941 1503 3990 b·
1521 3954 1547 3998 ε.
1561 3940 1601 4009 lt)

1097 4009 1146 4061 sol.
1168 4011 1418 4082 lhmiol.
1440 4010 1501 4062 Vll.

1104 4117 1109 4129 .
1142 4117 1146 4127 .
1179 4086 1186 4106 ¹
1370 4097 1397 4152 p.
1417 4097 1460 4148 90.
1479 4095 1501 4129 a·
1522 4079 1549 4129 b.
1752 4050 1786 4125 ο

1372 4218 1419 4270 iol.
1437 4218 1482 4269 Vl.
1495 4223 1522 4288 ᾗ.

1369 4303 1395 4355 p.
1419 4303 1476 4341 roo.
1495 4288 1521 4339 b.
1539 4302 1565 4339 e.

1055 4356 1104 4409 l'ol.
1123 4357 1415 4431 mbuwffi
1434 4356 1467 4414 V,

860 4497 887 4552 o.
907 4495 941 4567 Q.
960 4494 1008 4551 xx
1032 4426 1160 4547 inlicit.
1175 4424 1506 4570 imbirf'brfr'.
1522 4441 1547 4477 ²⁹

975 4568 1011 4683 pp
1029 4582 1072 4621 at.
1085 4563 1200 4637 Uli)
1366 4580 1393 4635 p.
1412 4580 1455 4618 ao.
1475 4565 1502 4621 b,
1521 4578 1546 4620 a.

992 4634 1201 4707 pwbuffl

1067 4703 1115 4757 iol.
1134 4703 1417 4776 stivwffl·
1435 4702 1493 4753 vn.

1017 4789 1044 4844 p.
1065 4775 1106 4826 2³.
1127 4773 1155 4828 b.
1176 4791 1200 4828 a.
1365 4789 1393 4844 p.
1415 4775 1458 4828 ιε.
1477 4773 1501 4822 b.
1522 4786 1546 4822 a.

1084 4842 1132 4901 inl,
1152 4841 1416 4912 lllmiol.
1435 4842 1478 4894 Vl.
1490 4847 1513 4912 ᾗ.

1020 4928 1047 4980 p.
1068 4929 1107 4980 tp.
1129 4927 1152 4966 a.
1173 4915 1199 4966 b.
1366 4928 1393 4981 p.
1413 4927 1454 4964 aa.
1475 4928 1497 4964 a.
1518 4912 1543 4962 b.

1088 4981 1136 5032 tol.
1155 4983 1198 5033 tv.
1209 4981 1417 5051 mini.
1435 4980 1466 5035 V.

979 5065 1074 5170 pret·
1088 5051 1198 5242 unq}
1364 5068 1391 5122 r·
1410 5055 1452 5119 al·
1469 5051 1496 5101 b·
1515 5066 1538 5102 ⁸·

861 5206 886 5258 7ο
924 5187 969 5258 (Q
983 5121 1188 5254 ?5k08¹⁵i.av·ell)·1‘?
1208 5190 1384 5256 mfu
1403 5188 1448 5246 vl·
1467 5191 1510 5242 '0¹
1529 5188 1633 5260 Vnst)

1006 5274 1034 5328 Ρ·
1053 5260 1096 5313 ⁶²·
1125 5260 1153 5319 b.
1171 5277 1195 5314 n·
1365 5276 1393 5330 p.
1414 5261 1456 5329 Sp
1474 5259 1500 5309 b.
1520 5273 1543 5309 a.

466 5355 495 5423 3)
531 5350 572 5408 Ci.
585 5347 670 5419 praei.
689 5344 724 5401 ed
742 5344 817 5400 Rom.
834 5362 862 5418 p.
880 5343 988 5400 xvlrn.

466 5447 493 5516 b)
530 5445 572 5498 Ci.
590 5443 689 5496 Blumii
708 5442 767 5495 Iter
783 5439 931 5500 italicum,
947 5436 995 5489 llL
1013 5453 1040 5506 p.
1057 5437 1103 5508 96.
1119 5443 1175 5492 not.
1199 5437 1256 5493 ros.

468 5540 500 5598 5)
534 5538 610 5592 Libri
628 5536 728 5590 titulus
749 5540 806 5588 ests
825 5533 900 5586 iurs's
917 5531 1011 5584 c's'rils‘s
1029 5543 1056 5583 et
1075 5531 1232 5599 Symmachi
1245 5529 1519 5596 orationumportes.
1555 5529 1663 5583 crunt
1681 5529 1803 5586 Victoris
1823 5529 2083 5587 retrorserunt
2104 5531 2174 5586 Cas·

395 5611 457 5667 ertit
473 5608 633 5664 Minutions’
651 5606 761 5679 Aputss’i
775 5603 935 5675 fragmenta
952 5598 986 5653 ds
1004 5599 1213 5672 onisogroplsio„
1235 5595 1421 5669 cemoppsnd.
1434 5611 1462 5656 st
1478 5597 1533 5652 tob.
1554 5602 1658 5655 oensis.

955 4287 962 4299 ,
1066 4218 1126 4284 (tol.
1143 4219 1182 4268 lll
1192 4225 1203 4288 l
1215 4263 1363 4294 Μ
