4560 6562
741 562 762 600 ’
1577 567 1666 623 Cadio.
1679 567 1773 620 teron.
1824 566 1921 621 Cenum.
1941 569 1984 622 tv.
2040 567 2105 621 Lib.
2126 561 2189 621 lli(

1086 656 1089 665 ¹
1614 640 1735 706 paginae·
1802 639 2009 731 ”pp-
2032 637 2109 690 tituli
2121 647 2152 689 et
2163 638 2203 709 ξς.

444 752 480 859 li)
501 789 540 842 lte
560 786 653 842 ordina
669 791 696 838 et
713 784 786 840 exitu
805 784 1001 839 interdictorum
1042 819 1538 848 .......
1586 731 1788 875 [ἳῇἓῗέξέῗ
1815 781 1937 836 161...70.
2033 810 2048 824 -
2067 782 2100 834 8.

413 908 457 981 lv)
479 902 770 1037 llelppmerplitigandi
789 899 1007 975 prohibitionibus
1026 906 1053 954 et
1071 900 1104 956 de
1122 903 1215 970 poenis
1254 895 1299 964 Bt
1323 915 1416 977 poma
1439 902 1538 962 imm
1582 902 1608 971 [.
1628 898 1702 969 att]

447 1072 483 1144 A)
502 992 807 1140 qpipuugnrplilnpalumnia
827 1074 965 1120 coercetur
1044 1094 1595 1119 ........
1614 1063 1675 1116 tta.
1815 1071 1936 1126 mmm,

378 1171 395 1222 5
448 1165 480 1237 Β)
499 1165 593 1236 quibua
610 1166 705 1216 actoris
725 1164 855 1216 calomnia
876 1168 1014 1215 coercetur
1046 1196 1054 1212 .
1125 1195 1134 1214 .
1208 1195 1215 1212 .
1287 1194 1295 1213 .
1367 1197 1374 1212 .
1449 1196 1455 1211 .
1529 1197 1537 1212 .
1579 1190 1594 1206 -
1612 1159 1674 1213 2⁴29.
1694 1158 1757 1213 aba.
1814 1168 1939 1224 174‚„82‚

445 1260 478 1331 Ο)
500 1259 599 1324 Quibus
617 1258 721 1310 iudiciis
739 1256 852 1310 damnati
866 1256 1035 1326 ignominiosi
1059 1255 1123 1308 flunt
1814 1263 1876 1316 182,
2033 1288 2050 1302 .
2073 1261 2106 1311 2,

451 1355 484 1427 ll)
503 1355 542 1406 lle
564 1355 590 1405 in
608 1354 649 1406 ius
667 1353 785 1406 vocando
803 1359 829 1405 et
847 1351 878 1405 dc
893 1350 1050 1404 uadimoniir
1580 1382 1595 1397 .
1814 1356 1935 1411 183...87.
2034 1384 2049 1397 .
2073 1355 2107 1407 3,

2033 945 2109 1000 xvt.

2046 1145 2061 1158 -
2087 1129 2136 1185 pr.
2165 1116 2192 1168 1.

412 1470 457 1536 lit
475 1471 576 1535 oitirio
594 1472 701 1536 iubirls
733 1507 1536 1529 ···········

412 1593 574 1665 liturnum}
597 1589 641 1653 Dr
662 1589 786 1667 publicis
806 1588 922 1651 inuidis
971 1626 1535 1642 ........

977 2893 1636 2970 ΑΝΝΟΤΑΤΙΟ.

519 3546 559 3599 nd
576 3560 637 3614 pag.
655 3546 676 3597 l.
695 3546 723 3610 l.
741 3545 843 3619 deti}
879 3546 996 3614 Apparet
1014 3545 1104 3600 Gaium
1121 3548 1183 3600 satir
1197 3547 1350 3616 simpliciter
1367 3563 1399 3600 ac
1416 3547 1531 3602 dilucide
1550 3548 1608 3614 ius,
1635 3554 1711 3615 prout
1729 3561 1819 3602 ornnes
1840 3548 1958 3601 hominos
1985 3563 2023 3602 eo
2042 3558 2165 3610 utantur
2187 3565 2230 3608 aut

417 3645 544 3693 certarum
562 3639 704 3691 civitatium
722 3639 854 3707 proprium
873 3639 917 3702 sit,
935 3638 1105 3707 distinguere.
1142 3639 1215 3692 lllius
1231 3649 1380 3711 praccepta,
1398 3653 1427 3696 ut
1447 3659 1506 3696 eum
1524 3644 1685 3709 Quintiliano
1702 3643 1803 3714 loquar,
1823 3636 1960 3699 καθολικὰ
1983 3654 2065 3714 sunt,
2092 3652 2155 3705 ie.
2174 3654 2232 3705 uni·

418 3737 530 3789 versalia
548 3735 591 3788 vel
608 3734 786 3804 perpetualia,
811 3734 924 3803 ideoque
943 3751 1046 3802 semper
1063 3734 1135 3787 brnra
1155 3743 1233 3804 atquc
1250 3735 1419 3789 immutabilia
1436 3745 1603 3805 permanent3
1633 3737 1710 3791 huius
1729 3752 1793 3790 vero
1813 3735 1936 3806 specialis
1963 3736 2057 3794 fornia
2089 3751 2122 3797 et
2141 3755 2235 3799 natura

418 3842 467 3899 cst,
486 3834 555 3887 unda
575 3847 655 3902 saepo
672 3831 766 3884 mutari
782 3831 857 3884 solet
896 3830 992 3884 Contra
1009 3846 1076 3900 quae
1096 3847 1129 3884 cx
1149 3831 1253 3900 Ulpiani
1271 3830 1480 3884 Institutionibus
1499 3833 1526 3885 in
1544 3832 1700 3885 lustiniauus
1720 3838 1880 3900 transumpta
1899 3839 1960 3883 sunt
1978 3833 2017 3885 tle
2040 3836 2111 3891 iura
2132 3842 2233 3910 triper-

418 3930 484 3994 tito,
502 3926 611 3981 naturali
621 3967 630 3994 ,
651 3928 786 3996 gentium,
803 3925 891 3990 civili,
911 3934 940 3978 ut
959 3942 1006 3993 per
1027 3942 1074 3991 se,
1092 3934 1222 3996 tamquam
1239 3943 1272 3981 ex
1290 3928 1401 3983 diversis
1419 3929 1550 3983 dividendi
1568 3930 1712 3983 rationibus
1732 3929 1829 3999 petita,
1850 3941 1940 3996 parum
1959 3925 2112 3997 elegantia
2137 3940 2233 4005 (qurum

417 4027 501 4091 ipsum
522 4026 562 4076 ιἰιι
579 4039 627 4091 qno
647 4037 734 4074 omnes
750 4029 875 4084 utuntur,
909 4019 969 4072 ie.
988 4021 1175 4090 iungentium,
1202 4023 1225 4076 ai
1243 4022 1313 4091 quud
1330 4022 1441 4078 humano
1461 4025 1553 4094 generi
1575 4039 1633 4075 curn
1655 4021 1809 4075 animalibus
1835 4033 1973 4072 commuue
2000 4025 2059 4089 sit,
2092 4030 2180 4096 sive,
2208 4039 2234 4083 ιιι

418 4118 513 4168 rectius
530 4116 701 4184 explicamus,
721 4113 791 4184 qaod
809 4115 842 4167 ad
861 4115 940 4167 vitam
958 4114 1099 4178 hominum,
1116 4123 1145 4167 ut
1162 4116 1181 4166 ii
1199 4117 1297 4184 pariter
1315 4125 1393 4186 atque
1408 4124 1495 4168 cetera
1515 4116 1636 4169 animalia
1653 4119 1709 4181 ζῶα
1728 4125 1796 4182 sunt,
1813 4116 1939 4180 refertur,
1958 4120 2101 4176 natur-ola
2120 4125 2235 4189 dicatur,

417 4214 485 4266 idem
504 4228 566 4265 uero
587 4214 628 4265 ius
645 4212 774 4282 gentiano,
797 4218 925 4279 quatenus
944 4211 1052 4262 rationis
1075 4211 1189 4264 omniurn
1209 4211 1340 4263 homiuum
1358 4211 1520 4275 eommunis,
1538 4211 1585 4264 sed
1604 4211 1758 4264 animalibus
1776 4212 1922 4279 denegatae
1942 4224 2103 4283 praecepta
2124 4219 2234 4273 vivendi

418 4311 564 4379 agendique
584 4311 732 4378 continet),
757 4309 795 4360 ita
821 4308 853 4359 ab
871 4307 964 4360 iisdem
992 4307 1169 4375 imperialibus
1189 4307 1396 4363 Institutionibus
1423 4322 1475 4359 non
1496 4315 1644 4360 constanter
1664 4306 1801 4359 observata
1822 4313 1899 4369 sunt,
1917 4321 2000 4374 quum
2021 4310 2062 4379 (l.
2085 4314 2118 4367 2,
2141 4316 2233 4389 gn.)

419 4405 543 4459 naturalia
562 4405 617 4456 iura
634 4406 790 4457 deliniantur
809 4418 840 4455 ea
859 4419 919 4455 esse
940 4418 1008 4470 quae
1026 4403 1095 4470 apud
1113 4418 1203 4456 omues
1224 4418 1356 4473 peraeque
1373 4410 1465 4472 gentes
1483 4402 1671 4465 observantur,
1691 4410 1717 4454 ct
1735 4401 1782 4471 (ll.
1798 4404 1821 4453 1.
1840 4402 1928 4474 §.11.)
1945 4402 1986 4453 ius
2007 4407 2148 4461 naturale
2166 4409 2233 4461 idem

420 4507 497 4567 atquc
517 4501 556 4551 iun
575 4502 690 4567 gentium
708 4516 768 4554 csse
789 4501 955 4567 exprimatur.
991 4499 1047 4568 (Gi.
1068 4500 1166 4552 Sauinii
1185 4498 1231 4550 lib.
1250 4500 1293 4551 cui
1313 4498 1462 4551 inscribitur
1479 4499 1576 4562 &ulitur
1596 4500 1637 4550 ιιι
1656 4500 1718 4559 itui.
1742 4501 1776 4553 bt.
1795 4500 1831 4554 bl.
1850 4495 1902 4548 vol.
1917 4494 1937 4550 1.
1960 4499 2087 4564 append.
2101 4502 2145 4572 1.)

527 4645 566 4696 Ad
587 4646 614 4708 l.
631 4644 684 4713 131
729 4645 773 4696 lua
795 4660 842 4710 poa
858 4646 970 4708 aanor,
993 4646 1012 4696 i.
1035 4659 1058 4694 e.
1079 4644 1120 4696 ius
1140 4642 1219 4695 civile
1237 4643 1429 4705 Romanorum,
1457 4641 1514 4694 sive
1532 4641 1558 4693 id
1576 4655 1608 4694 er
1627 4643 1684 4694 iure
1699 4641 1814 4709 gentium
1833 4638 1984 4701 descendit,
2019 4642 2088 4696 sire
2115 4648 2233 4717 populns

422 4738 552 4790 Romanus
570 4739 626 4806 ipsc
644 4738 694 4788 sibi
713 4738 854 4789 constituit.

527 4880 566 4933 nl
583 4883 611 4943 l.
635 4881 675 4931 13.
695 4881 747 4953 lb}
785 4881 857 4934 lianc
877 4880 1031 4934 divisionem
1056 4882 1215 4934 recentiores
1240 4878 1294 4934 thi
1313 4895 1448 4947 perperam
1467 4879 1622 4946 intellegere
1642 4886 1669 4929 et
1685 4880 1761 4931 simul
1782 4892 1872 4947 parum
1891 4891 1922 4928 ac
1943 4877 2058 4931 nimium
2079 4884 2233 4938 obserrarc

424 4978 516 5029 solent.
560 4978 626 5041 Quid
646 4977 694 5028 sibi
712 4976 777 5029 velit
796 4986 822 5030 et
840 4979 954 5031 Durareni
972 4978 1046 5032 locus
1066 4995 1144 5047 surpra
1168 4978 1297 5031 exhibitus
1317 4977 1414 5028 indicat
1433 4985 1459 5027 ct
1475 4977 1524 5027 lrac
1544 4978 1617 5043 ipsae
1633 4976 1737 5027 tabulae
1757 4975 1896 5042 explicant.
1945 4971 2012 5025 loro
2033 4977 2124 5032 caelo
2145 4989 2233 5034 errem

425 5071 468 5137 qui
485 5071 551 5121 lianc
571 5071 767 5137 tripartitionem
787 5072 925 5138 opinantur
941 5073 1084 5124 convenire
1102 5087 1160 5124 cunr
1179 5087 1210 5122 ea
1229 5071 1368 5123 recentiori
1386 5071 1449 5121 iuris
1467 5069 1615 5129 divisione,
1637 5083 1713 5134 quiam
1735 5074 1830 5118 uocant
1848 5068 1893 5119 lara
1911 5081 2100 5134 perrenorum
2121 5074 2230 5141 (ιυιήοι

424 5176 485 5213 otu·
503 5169 552 5217 unu
571 5165 799 5234 admitterentur),
825 5166 869 5218 los
886 5182 974 5217 reram
991 5165 1174 5234 (eodmrtdrt,
1197 5168 1216 5221 i.
1239 5180 1262 5217 e.
1280 5167 1349 5223 eolre
1369 5176 1424 5216 oon
1443 5163 1581 5227 bisentinum
1600 5167 1648 5214 uno
1667 5165 1710 5212 our
1728 5162 1783 5212 iura
1802 5162 1828 5212 in
1847 5175 1891 5222 re;
1913 5159 2045 5229 inirem
2077 5164 2232 5233 obsignate

426 5262 529 5320 nrnrrdrt
545 5290 578 5303 -
599 5260 632 5311 de
651 5275 704 5329 quo
723 5259 785 5311 vide
804 5259 869 5311 inira
888 5259 920 5311 nd
938 5260 1062 5327 popvli.
1083 5260 1113 5325 tl·
1130 5265 1234 5328 inqu.)
1263 5269 1289 5312 ot
1309 5261 1352 5313 lor
1369 5262 1499 5311 actionum
1521 5258 1726 5326 (tintinnanrrdrt,
1754 5257 1823 5324 (pund
1844 5270 1896 5306 non
1915 5256 1950 5306 ita
1966 5268 2030 5306 raro
2048 5260 2234 5315 contundite

427 5369 485 5405 cunr
503 5369 534 5404 ca
552 5354 668 5406 doctrina
681 5368 759 5423 quarn
777 5355 932 5414 brortirtdnt
948 5359 1093 5421 vocamus).
1131 5355 1246 5413 Similis,
1274 5356 1350 5406 immo
1369 5355 1437 5405 idern
1455 5368 1527 5404 error
1551 5367 1639 5404 eorum
1659 5358 1698 5403 cst
1715 5353 1758 5419 qrri
1777 5351 1967 5403 institutionum
1984 5362 2057 5416 opus
2078 5355 2153 5411 tono
2169 5371 2235 5410 nnu-

429 5447 550 5513 scriptum
569 5448 649 5501 luisse
665 5456 774 5516 putant,
794 5456 822 5500 ut
840 5448 928 5500 breuis
945 5446 1104 5498 adumbratio
1121 5455 1318 5515 praeceptorum
1334 5446 1397 5499 iuris
1414 5445 1487 5498 llum.
1505 5445 1608 5512 privati,
1628 5444 1685 5497 sive
1702 5445 1763 5512 quid
1779 5446 1805 5496 in
1823 5443 1933 5511 singulis
1951 5440 2129 5508 privatorum
2148 5451 2234 5504 cnm

425 5557 457 5591 ex
477 5544 532 5593 iure
551 5542 623 5594 Rern.
641 5543 756 5596 obtineat
772 5543 890 5595 doctrina
908 5540 1082 5594 exhiberetur.
1119 5539 1159 5593 Ad
1178 5541 1240 5593 iuris
1259 5541 1352 5609 privati
1369 5539 1480 5593 studium
1501 5539 1721 5606 praeparandum,
1738 5553 1792 5590 nou
1810 5539 1841 5590 ad
1861 5540 1944 5605 ipsam
1962 5535 2030 5588 iuris
2051 5541 2163 5606 privati
2184 5544 2233 5597 do·

425 5637 531 5689 otriuarn
550 5638 728 5704 exponendam
750 5637 828 5693 Gaius
848 5652 909 5691 aeae
930 5635 1052 5689 accinxit.
1088 5634 1176 5704 itaquo
1197 5635 1309 5705 primurn
1333 5635 1394 5702 quid
1424 5633 1542 5688 homiues
1563 5634 1590 5686 in
1615 5633 1672 5686 iure
1698 5632 1820 5695 valeant,
1848 5645 1917 5700 quae
1942 5646 2083 5701 perrottus
2106 5641 2170 5695 einr
2188 5648 2232 5694 ant
