4560 6562
265 385 336 456 aas
362 370 574 475 Quaene
589 320 1034 448 perannaturum
1051 389 1125 444 erc.
1148 360 1939 465 najnouarroruausmaesiam.
1964 381 2039 455 aaa

265 573 285 645 ς.
303 574 363 640 ²57·
398 571 475 622 item.
511 566 652 620 Eiusmodi
664 565 686 601 ⁶⁵
704 563 763 630 lege
783 563 906 631 deposita
923 561 952 612 iu
970 559 1039 614 aede
1058 578 1128 624 area,
1178 560 1281 614 eulium
1300 560 1477 630 ademptum,
1508 578 1569 614 eum
1587 564 1627 615 rei
1646 563 1799 620 substantia
1818 569 1879 636 plus
1904 571 2045 639 polleat⁸⁸

264 665 297 710 nt
314 673 372 710 eam
392 658 468 724 ipse,
490 657 537 724 qui
559 653 633 704 solus
645 652 668 686 ⁶⁶
685 651 833 719 deposuit,
861 649 982 710 tolleret,
1002 654 1049 698 aut
1066 656 1129 717 post
1178 649 1382 700 existimatione
1402 646 1477 698 falsa.

263 751 378 795 mortem
400 741 504 791 domini
523 740 615 790 Aelius
626 736 763 807 speratus,
782 751 838 789 non
852 733 940 787 videri
959 733 1130 803 perlectam⁶²
1180 732 1200 803 §-
1218 735 1280 786 atir.
1316 735 1392 784 ltem.
1429 732 1568 784 Peculium
1586 734 1707 788 vindicta
1724 740 1890 790 manumisso
1909 739 1955 791 vs'l
1973 741 2047 794 insa

264 831 442 881 donationem
463 823 600 892 respondi·
1179 818 1280 869 amicos
1299 819 1322 869 si
1342 833 1398 869 non
1416 817 1568 883 adimatur,
1595 820 1721 873 donari⁰⁶
1752 824 1868 875 videtur.
1906 822 1987 891 Quae
2006 846 2049 879 ra·

264 915 362 986 §.ms
400 912 474 968 Item.
513 903 1129 977 Pomponius⁶⁸Filadeliusdotiscausaprae-
1180 903 1220 956 tio
1240 902 1323 966 facit,
1349 912 1381 955 ut
1403 918 1436 953 ex
1455 905 1526 955 iusta
1557 920 1636 958 causa
1654 908 1798 975 possidens
1822 925 1974 980 usucapere
1992 929 2049 965 rem

264 1000 310 1050 (15³
329 1000 403 1050 fill-'¹0
424 992 637 1064 P⁰¹¹²P⁰¹¹l³0⁶⁹r
661 1006 743 1061 quam
773 990 905 1042 habuit²⁰
926 991 955 1040 in
982 997 1130 1060 potestate,
1178 989 1272 1056 possit.
1307 987 1386 1042 alind
1401 990 1432 1041 iu
1458 990 1501 1039 bis
1520 991 1643 1059 placuit,
1672 994 1720 1063 qui
1748 1001 1855 1045 tantum
1882 995 2046 1049 libertatern

264 1084 397 1146 tradidit,
425 1089 453 1132 et
471 1077 610 1132 mercedes
626 1083 648 1114 ⁷¹
666 1093 759 1128 eornm
779 1092 878 1145 genero
897 1075 965 1128 solvi
977 1079 998 1111 ⁷²
1017 1076 1129 1162 manda·
1179 1081 1359 1144 acceperunt,
1379 1075 1402 1126 si
1422 1082 1585 1129 testamento
1604 1079 1757 1145 pareatis⁸⁶
1776 1088 1917 1148 potestate
1938 1082 2049 1133 solvan.

263 1173 311 1224 vit.
347 1168 387 1220 du
408 1184 439 1219 ea
458 1167 604 1235 praecipua
624 1164 682 1216 lilia
702 1164 822 1214 retinere
840 1164 944 1231 possit,
969 1178 1030 1214 cum
1054 1177 1129 1214 com·
1177 1168 1236 1224 tur;
1255 1177 1323 1233 quos
1344 1161 1471 1212 amittere
1489 1162 1644 1230 peculium,
1664 1166 1686 1214 si
1705 1180 1761 1217 uon
1779 1167 1815 1217 sit
1830 1166 1962 1236 legatum,
1981 1182 2049 1219 eon-

263 1255 393 1307 munes’³
413 1252 484 1305 filios
503 1250 618 1303 heredes
638 1249 827 1310 instituisset,
857 1249 1047 1316 quaerebatur.
1083 1247 1129 1298 Iu·
1178 1246 1258 1298 stitit.
1301 1259 1391 1315 neque
1419 1248 1494 1298 euim
1513 1247 1596 1299 tacita
1615 1247 1767 1301 liberalitas
1789 1249 1915 1303 ‹lefumti
1934 1253 2047 1321 permit-

264 1350 333 1393 stam
360 1355 468 1390 cansam
503 1335 664 1390 retinendae
688 1332 867 1402 possessionis
895 1332 998 1385 habere
1031 1332 1127 1394 filiam,
1180 1331 1302 1385 sentiet*
1321 1333 1442 1384 retinere
1462 1332 1725 1406 peculiumpoltult
1744 1335 1878 1405 intellegi.
2067 1347 2123 1414 ,gg

264 1428 394 1498 qnoniam
413 1433 489 1493 pater
508 1421 640 1493 praedia,
686 1418 776 1492 {dete
803 1419 904 1488 quibus
938 1419 1131 1491 quaerebatur,
1180 1418 1202 1489 §.
1222 1421 1282 1471 262.
1317 1418 1395 1468 item.
1431 1416 1553 1486 Sponsae
1573 1436 1613 1471 res
1632 1421 1795 1489 simpliciter
1812 1422 2050 1477 douatsensuin.

265 1511 337 1564 dotis
358 1527 416 1563 esse
434 1511 532 1573 voluit,
552 1518 581 1561 et
601 1507 805 1558 matrimonium
826 1513 1009 1572 postmortem
1022 1521 1131 1575 quoque
1180 1504 1281 1557 accrrtis
1307 1504 1413 1571 nuptiis
1442 1519 1498 1554 nou
1527 1512 1697 1573 repetuntur.
1738 1506 1786 1558 sed
1814 1510 1867 1558 etsi
1897 1509 2050 1564 adfinitatis

262 1598 347 1666 patris
369 1596 530 1648 constiterat
541 1599 571 1658 ²⁵,
598 1592 747 1661 respondi,
779 1591 897 1640 liliamii
923 1591 1046 1652 etenim⁴
1063 1605 1132 1660 quae
1182 1589 1383 1640 contrahendae
1403 1603 1483 1639 causa
1503 1588 1667 1641 donationes
1686 1591 1775 1641 factae
1793 1601 1857 1644 arsut
1876 1597 2050 1647 stannatum

262 1685 425 1736 naturaliter
443 1699 522 1751 agros
539 1680 710 1740 restruite,
728 1677 819 1745 speeie
844 1677 933 1741 dotis,
952 1678 1029 1728 euius
1049 1692 1133 1746 capax
1183 1690 1299 1742 sponsus
1327 1675 1407 1742 culpa
1431 1690 1479 1725 sua
1505 1675 1657 1736 remiserit,
1686 1691 1773 1745 aeque
1796 1693 1852 1730 non
1878 1687 2050 1746 repetuntur,

263 1769 361 1829 sulm,
380 1766 500 1818 deftsstll·
1182 1761 1254 1829 quod
1277 1762 1316 1810 ita
1336 1758 1460 1825 intellegi
1482 1767 1609 1827 oportet,
1629 1762 1650 1810 si
1672 1760 1841 1815 revocandae
1860 1763 2021 1817 donationis
2030 1769 2051 1802 ⁸²

264 1853 285 1925 ς.
304 1855 363 1922 ²⁵9
399 1854 475 1903 Item.
511 1849 611 1902 Mulier
630 1849 690 1898 siue
712 1847 812 1900 tutoris
831 1846 996 1898 arretoritate
1023 1845 1132 1912 praedi·
1181 1844 1307 1896 condicio
1334 1860 1388 1895 nou
1419 1845 1557 1896 coniuncti
1586 1846 1754 1899 matrimonii
1782 1848 2051 1917 conpraehendatur,

223 1994 226 1999 ,
263 1956 309 1990 um
328 1938 538 2007 stipendiarium
558 1936 721 1986 instructum
739 1948 795 1984 nou
812 1933 908 1983 mortis
927 1946 1007 1982 eausa
1030 1930 1129 1982 Latino
1182 1932 1269 1980 usurll
1287 1929 1448 1999 perficiendi
1470 1938 1631 1982 contractus.

262 2024 417 2076 donaverat.
446 2023 600 2092 perlectam
619 2020 648 2071 iu
667 2017 781 2085 praedio
804 2019 958 2085 ceterisque
976 2015 1058 2067 rebus
1079 2031 1130 2066 uec
1181 2018 1204 2084 §.
1223 2019 1280 2069 263.
1317 2017 1394 2065 item.
1432 2016 1517 2078 Earn,
1543 2032 1613 2085 qnae
1632 2017 1705 2069 bona
1722 2036 1770 2070 sua
1793 2020 1858 2072 filiis
1876 2036 1929 2090 per
1948 2024 2051 2091 epistu-

261 2109 391 2180 mancipii
405 2110 427 2145 τ’
447 2108 627 2159 donationem
646 2120 704 2155 esse
722 2105 865 2172 apparuit;
891 2117 982 2153 servos
1001 2107 1132 2154 autemet
1180 2102 1235 2150 lam
1255 2103 1322 2153 eitra
1341 2102 1548 2169 stipulationem
1567 2101 1679 2156 donavit
1690 2140 1699 2167 ‚
1716 2107 2050 2177 slnequspossesstom

260 2211 380 2265 pecora,
401 2211 472 2265 qnae
490 2194 561 2246 eollo
578 2191 622 2243 vel
642 2188 722 2240 dorso
744 2187 936 2249 domarentur,
954 2202 1005 2238 usn
1017 2202 1072 2237 nou
1088 2203 1131 2238 ea·
1182 2204 1271 2238 rernm
1290 2188 1457 2255 singularum
1481 2187 1616 2253 tradidit,
1640 2178 1732 2259 deque
1749 2206 1799 2260 per
1817 2194 2049 2264 mancipatione.

261 2289 316 2352 pta.
352 2283 375 2335 si
397 2290 490 2333 tamen
509 2280 680 2330 voluntatem
698 2274 797 2326 mulier
809 2281 1015 2335 nonmutasset,
1033 2272 1131 2325 Latino
1184 2271 1360 2340 praediorum
1380 2272 1533 2324 dominium
1555 2275 1714 2338 transtulit,
1743 2292 1794 2329 nec
1813 2279 1990 2348 interpositis
2005 2281 2051 2333 ds.

263 2383 375 2439 quoque
395 2367 452 2419 doli
473 2366 644 2435 profuturam
665 2361 881 2428 duplicationem
900 2359 1038 2427 respondi:
1074 2374 1130 2410 non
1181 2356 1368 2425 legationibus
1387 2365 1435 2409 aut
1454 2359 1591 2412 inchoatis
1608 2361 1705 2414 litibus
1716 2364 1840 2417 actiones
1855 2367 1984 2426 novavit,
2006 2369 2048 2418 ni·

264 2455 336 2504 enim
356 2455 451 2506 mortis
471 2466 551 2502 eausa
570 2449 679 2516 eapitur
697 2446 772 2513 quod
793 2445 909 2496 alteri⁸⁰
927 2443 1058 2495 donatum
1081 2450 1131 2506 est,
1182 2441 1222 2491 hil
1245 2447 1330 2511 egisse
1347 2445 1458 2514 placuit

263 2538 426 2609 quoniam⁸¹
444 2545 529 2587 morte
548 2533 643 2584 Cincin
663 2531 858 2582 removetur⁸².
1182 2526 1201 2598 ς,
1225 2531 1282 2596 264
1318 2531 1395 2581 nem,
1431 2530 1565 2594 Matrem,
1593 2549 1663 2603 qm
1681 2533 1866 2588 memori·
1885 2539 2047 2590 ‘nemim‘

263 2622 283 2694 §.
302 2625 361 2676 atio.
397 2622 472 2673 Item.
511 2620 597 2672 Pilius
617 2615 879 2683 emancipatus,cui
899 2622 977 2682 pater
992 2611 1130 2681 peculium
1185 2614 1243 2664 filio
1262 2615 1419 2667 donationis
1439 2632 1519 2668 causa
1536 2627 1694 2687 praesentes
1713 2636 1805 2673 serves
1832 2625 1975 2690 mancipio
2001 2623 2044 2677 de·

263 2726 320 2762 non
337 2707 460 2770 ademit,
482 2721 524 2757 res
543 2704 654 2773 quidem
673 2718 723 2771 pro
741 2700 844 2752 donate
862 2701 1037 2768 relprosuo,
1057 2697 1130 2767 quod
1184 2697 1240 2760 dit,
1259 2700 1406 2770 perfecisse
1424 2702 1601 2756 donatiouem
1621 2707 1786 2773 apparuit⁸³.

266 2796 366 2845 iustam
386 2808 494 2842 causam
515 2788 678 2861 possidendi
700 2785 803 2848 habet,
825 2787 967 2852 usucapit;
989 2783 1036 2834 sed
1055 2783 1135 2834 debi-
1183 2783 1202 2855 ς.
1221 2789 1279 2838 265.
1315 2787 1390 2839 item.
1434 2789 1535 2841 Aurum
1555 2797 1758 2858 mergentem,
1778 2791 1854 2862 qnod
1875 2795 1907 2845 in
1928 2809 1956 2847 rc
1975 2812 2046 2863 prae-

265 2887 339 2932 tores
364 2878 510 2930 convenire
532 2892 588 2929 non
616 2879 727 2943 potest,
756 2885 847 2939 neque
871 2870 934 2922 lites
959 2869 1134 2938 pecuniae⁰³
1183 2873 1255 2923 senti
1276 2871 1348 2933 luit,
1367 2879 1444 2940 pater
1462 2872 1522 2924 filio
1540 2875 1581 2925 sui
1601 2876 1668 2926 iuris
1689 2874 1821 2940 donarit,
1852 2879 1971 2949 eiusque
1990 2898 2047 2950 pos.

264 2965 412 3033 prosequi,
441 2964 463 3014 si
489 2978 545 3013 non
570 2961 608 3012 sit
626 2962 655 3011 in
673 2973 729 3009 rem
748 2971 825 3006 susm
848 2955 972 3024 coguitor
989 2953 1067 3006 datus
1084 2961 1133 3006 aut
1183 2957 1331 3008 sessionem
1351 2955 1477 3008 traditam
1496 2973 1555 3010 esse
1574 2959 1756 3012 instrumento
1774 2963 1865 3030 palam
1886 2964 1970 3016 iecit:
1997 2983 2047 3019 noa

264 3051 409 3101 nominum
431 3047 618 3116 delegationes
646 3045 862 3096 intervenerunt.
896 3041 978 3092 Plane
1003 3038 1078 3107 quod
1106 3039 1131 3089 ei
1184 3039 1319 3093 idciroo⁹⁰
1340 3041 1516 3094 donationem
1534 3044 1645 3096 inritam
1665 3045 1763 3098 saetam
1783 3049 1960 3111 existimavi,
1979 3051 2046 3120 quad

267 3135 384 3188 solvitur
404 3141 480 3201 patre
499 3150 555 3184 nou
574 3130 756 3182 dissentiente
774 3124 927 3176 debitorem
945 3123 1062 3188 liberat,
1084 3138 1135 3174 nee
1184 3144 1262 3181 ustus
1281 3129 1403 3180 omnium
1423 3143 1513 3182 rerum
1533 3128 1607 3199 apud
1625 3138 1731 3200 patrem
1751 3134 1825 3186 fflpu.
1848 3135 1965 3206 reliquit
1980 3136 2005 3183 sr¹

267 3221 383 3275 interest
403 3237 439 3274 an
466 3217 670 3288 emancipatum
694 3214 802 3284 ignoret
821 3212 865 3263 rel
884 3211 911 3264 ei
931 3225 988 3262 non
1007 3223 1066 3261 esse
1084 3225 1133 3278 pe-

514 3974 600 4068 DE
628 3968 1107 4071 DONA'I’IONIBUS
1141 3970 1224 4066 ΑΙ)
1261 3969 1476 4064 LEGEM
1505 3970 1811 4070 Gratulatus

274 4191 297 4258 §-
315 4185 373 4239 ²661
409 4153 566 4254 Ulpl³¹¹¹¹⁸
584 4185 636 4239 lib·
655 4186 674 4236 1·
699 4185 734 4238 td
752 4185 872 4237 edictum
896 4181 930 4235 (1⁸
950 4182 1030 4235 rebffl
1049 4181 1139 4234 credi·
1186 4197 1342 4264 ceptionem
1365 4200 1421 4263 peti
1440 4214 1495 4250 non
1516 4206 1641 4268 poterat,
1672 4200 1701 4251 id
1727 4208 1769 4253 est
1785 4209 1951 4271 perpetuam
1976 4219 2051 4257 exee-

274 4294 316 4346 tir.
352 4288 531 4341 indebitnm²
552 4282 787 4359 [uon12aolatum
800 4281 947 4354 accipimus
973 4299 1029 4336 non
1050 4283 1137 4336 solum
1188 4283 1328 4350 plisnam-⁴.
1365 4297 1449 4351 quare
1470 4285 1872 4356 hocquoquerepetipoterit‚
1893 4289 2051 4360 siqnisper·

274 4378 296 4430 si
316 4377 428 4430 omnino
447 4392 503 4427 nou
524 4371 705 4436 debebatur,
726 4373 776 4426 sed
795 4381 823 4424 et
843 4371 865 4423 si
883 4386 932 4440 per
949 4371 1070 4441 aliquam
1091 4383 1139 4421 ex·
1187 4376 1269 4436 petua
1288 4368 1450 4437 exceptione
1469 4376 1545 4423 tutus
1563 4371 1703 4424 sotvcrtst
1747 4373 1820 4426 uude
1847 4374 1939 4447 “quis
1963 4384 2053 4428 contra

275 4496 2053 4529 ——-—-——--—·-—-·-·—······-·-·-···-—·-————-·--0-——

274 4593 308 4648 65
324 4588 508 4661 territas.
544 4588 744 4658 &litigamus
772 4592 809 4642 ni.
844 4586 1137 4657 67)Dlg.celel›ratarrr.
1186 4604 1244 4638 suan
1267 4589 1452 4655 interponitur
1471 4586 1612 4643 scholion:
1630 4592 1805 4647 Pollicr'tats'o
1825 4593 1993 4649 domionis
2013 4598 2055 4648 ia·

273 4663 308 4716 68
340 4661 458 4715 Lean.
478 4658 542 4709 farn.
561 4661 653 4711 ercise.
670 4662 736 4731 Pap.
752 4609 800 4711 lit.
820 4659 883 4710 ΧΠ.
902 4658 979 4726 Resp-
1022 4656 1138 4726 69)Dig·
1187 4671 1230 4710 ter
1254 4659 1382 4727 privatos
1400 4662 1457 4711 vim
1476 4661 1657 4730 obligationis
1677 4681 1735 4715 noa
1751 4662 1872 4719 inducit.
1959 4666 2006 4735 9⁰)
2025 4664 2054 4717 V.

274 4747 327 4783 om.
346 4730 523 4800 Pomponiae.
602 4729 648 4799 7ο)
666 4729 725 4797 Dig.
743 4727 868 4782 habebat.
950 4725 1072 4794 pr)i)ig.
1092 4740 1137 4776 rs·
1187 4727 1251 4777 Mai.
1273 4729 1381 4780 iccirco.
1417 4731 1464 4798 9¹)
1482 4729 1513 4779 Υ.
1532 4735 1617 4797 prima
1639 4731 1867 4805 manureligtsr'd.

274 4798 356 4853 ditus.
453 4799 498 4868 pa)
517 4798 556 4846 its
575 4796 654 4862 Mai,
678 4799 811 4871 V.fulvr‘.
890 4794 935 4864 73)
956 4794 1017 4862 Dig.
1038 4809 1138 4846 omnes.
1262 4798 1285 4866 ι)
1306 4797 1357 4847 ilie
1378 4800 1473 4851 titulus
1493 4800 1522 4848 in
1540 4800 1651 4852 summis
1670 4804 1830 4870 paginarum
1851 4804 2054 4856 orisseribitur:

275 4871 320 4939 74)
336 4871 376 4921 lta
394 4867 458 4919 ldai.
481 4882 496 4917 e
516 4867 574 4933 Dig.
681 4869 726 4937 75)
746 4868 804 4937 Dig.
822 4875 943 4917 steterat.
1035 4865 1079 4932 76)
1099 4863 1134 4918 V·
1188 4866 1263 4917 nulla
1284 4872 1375 4919 tamen
1394 4868 1423 4919 in
1443 4869 1502 4937 ipsu
1521 4877 1650 4922 contextu
1672 4873 1788 4923 secretio
1800 4872 1839 4925 aa
1856 4874 2056 4941 Hah-llugo

273 4939 337 4991 aaut.
355 4938 427 4989 male
443 4935 607 5008 perfidiam.
645 4935 769 4990 Fortasse
786 4934 978 5008 possefilr'am.
997 4933 1041 5002 lig.
1090 4946 1122 5000 77
1186 4944 1214 4986 et
1232 4933 1341 4987 Schrad.
1361 4936 1574 5000 dubitaverunt,
1602 4955 1674 4991 anne
1695 4956 1756 4992 curn
1773 4944 1867 5009 priora
1887 4943 2057 5011 coniungen-

272 5009 333 5079 Dig.
354 5008 449 5061 tenuit.
531 5006 575 5076 78)
597 5006 656 5076 Dig·
665 5006 778 5074 suisset.
867 5006 911 5074 79)
929 5002 969 5051 lta
990 5003 1019 5054 V.
1090 5005 1124 5054 80
1186 5004 1236 5056 dus
1255 5013 1327 5057 esset
1345 5004 1390 5057 hic
1408 5008 1519 5069 titulus;
1537 5007 1566 5057 id
1587 5010 1661 5078 quod
1681 5009 1857 5064 fecitBuehb.
1893 5014 2057 5064 Attumne·

271 5079 315 5132 lta
336 5077 410 5143 Sam
430 5077 463 5130 V.
475 5076 572 5128 altare.
592 5076 663 5135 Mat..
682 5077 757 5142 prob.
772 5075 920 5134 liudmilae,
939 5087 1016 5139 prop.
1028 5072 1136 5122 latiam
1186 5090 1240 5142 que
1261 5077 1290 5126 in
1311 5075 1373 5126 aliis
1391 5077 1459 5127 locis
1479 5086 1628 5146 appareat,
1650 5095 1703 5148 qua
1723 5079 1830 5134 ratione
1848 5083 1908 5134 aire
1927 5083 2057 5149 compila-

273 5151 305 5203 8ι
342 5147 373 5198 V.
392 5165 437 5217 7η.
474 5146 516 5196 Aa
535 5143 900 5216 promeneruat-Nihil
919 5141 1140 5198 mutaudumest.
1189 5146 1306 5196 torsias
1325 5144 1452 5198 librarius
1472 5148 1501 5198 iu
1520 5147 1681 5200 ordinandis
1702 5146 1891 5203 discernendis
1932 5151 2057 5204 euasti·

275 5221 309 5271 lla
338 5216 439 5269 Versus
461 5215 593 5283 scriptura
612 5221 697 5265 vacat.
768 5215 813 5283 83)
837 5215 876 5265 lta
897 5213 971 5274 hiala
991 5211 1022 5260 V.
1040 5226 1138 5280 pecten.
1190 5229 1253 5264 usus
1275 5214 1328 5273 sit,
1347 5213 1419 5267 nihil
1440 5224 1547 5267 mutare
1567 5233 1647 5270 ausus
1666 5234 1733 5270 saur.
1826 5220 1856 5291 a)
1884 5169 1976 5272 geum
1995 5229 2057 5272 aaut

274 5289 317 5337 An
335 5283 536 5359 pecuniarias?
625 5284 671 5354 84)
690 5283 722 5332 V.
741 5282 803 5333 Mai.
820 5283 934 5351 palleat.
1007 5283 1053 5343 85)
1073 5280 1139 5341 flor,
1190 5282 1218 5332 L.
1229 5285 1302 5349 stit.
1313 5285 1335 5335 3.
1352 5283 1383 5335 D.
1409 5284 1445 5338 de
1471 5285 1551 5337 cond.
1578 5286 1690 5350 indeb,
1708 5290 1787 5340 inser.
1806 5288 1867 5360 Uip.
1885 5289 1935 5341 lib.
1955 5290 2056 5344 mr

275 5358 320 5408 ael
336 5355 468 5410 donatum
488 5371 564 5423 prop.
583 5354 666 5413 Mais
686 5353 716 5404 V.
735 5351 800 5402 Mai.
819 5350 961 5403 donatori.
1004 5350 1052 5418 86)
1072 5348 1140 5398 Drle
1190 5351 1234 5405 Ad
1249 5351 1373 5405 edictam.
1454 5358 1481 5424 3)
1499 5355 1570 5408 Loco
1589 5375 1663 5419 uon,
1685 5355 1761 5428 qaod
1782 5356 1855 5420 det,
1875 5358 2058 5427 Dig.'habeat

273 5429 410 5494 parentis.
430 5424 489 5475 Sav.
560 5425 616 5491 86‘)
643 5422 674 5471 V.
691 5423 884 5492 promittentis.
903 5421 967 5470 Mai.
1033 5420 1078 5487 87)
1099 5419 1140 5468 lta
1192 5434 1290 5477 autam.
1345 5424 1376 5474 lu
1401 5422 1461 5476 loco
1486 5432 1581 5477 nostro
1600 5444 1634 5480 ue
1656 5427 1747 5497 (vcro)
1765 5425 1851 5481 tutus
1869 5425 1995 5480 dixerim.
2016 5428 2057 5494 bg,

275 5495 333 5546 Sar.
354 5495 439 5557 Kell.;
462 5492 493 5544 V.
511 5492 576 5544 idai.
595 5493 760 5546 revocantis.
795 5492 859 5542 Mai.
884 5488 1045 5545 donatione.
1096 5488 1141 5556 88)
1192 5491 1219 5560 4)
1238 5492 1298 5558 Dig.
1315 5490 1456 5548 debeatur.
1546 5495 1573 5564 5)
1593 5495 1652 5564 llig.
1670 5484 1722 5564 pel·
1738 5497 1809 5569 aliq.
1826 5510 1933 5566 anceps
1951 5514 2057 5567 persar·

275 5563 317 5614 lta
334 5564 381 5633 8.)
398 5561 461 5614 Mai.
480 5562 565 5616 habet
581 5561 630 5616 scd
646 5578 695 5632 pro
716 5578 781 5613 uon.
843 5560 890 5631 87)
908 5559 970 5612 Post
988 5557 1062 5612 laune
1081 5572 1142 5610 rer·
1190 5560 1310 5629 ptors'am
1328 5565 1386 5651 pagi
1404 5582 1461 5618 aon
1478 5576 1597 5636 potarat
1668 5566 1698 5636 6)
1718 5566 1776 5638 mg.
1793 5567 1914 5638 pausis,
1931 5569 1991 5625 ω)
2008 5569 2058 5621 κε.
