4560 6562
393 389 470 462 239

394 574 468 621 mota
489 568 609 636 pretium
629 575 737 639 emptor
755 569 903 623 rerutuers
920 584 977 620 non
998 573 1125 637 cogetur,
1156 569 1267 621 umetsl

396 656 508 706 maximi
528 653 702 708 fideiussores
721 656 864 707 evictionis
882 656 1040 715 offerantur,
1057 668 1119 705 eum
1139 652 1268 723 ignorans

397 741 539 808 possidere
563 744 695 811 coeperit.
730 758 791 794 nam
811 740 955 809 ususcapio
974 740 1076 793 frastra
1092 738 1269 808 conplebitur

396 825 548 895 anticipata
559 827 624 891 tite;
646 843 697 881 nec
715 834 826 897 oportet
840 826 985 880 evictionis
996 826 1172 878 securitatem
1187 841 1268 895 prse-

398 914 475 974 stori,
496 929 557 964 cum
573 914 604 964 in
623 915 685 983 ipso
703 920 859 969 contractus
877 913 973 966 limine
990 910 1111 966 dominii
1120 917 1141 948 ¹⁷
1158 911 1267 981 pericu·

399 998 456 1051 ium
478 999 624 1052 immineat.

397 1085 418 1154 i·
445 1089 484 1142 s3.
520 1085 655 1138 venditor
685 1088 706 1121 ¹⁰
736 1087 759 1138 si
784 1101 833 1155 per
858 1085 1050 1138 conlusiouem
1075 1084 1267 1154 imaginarium

399 1172 527 1224 colonum
547 1173 677 1242 emptoris
695 1172 852 1242 decipiendi
873 1188 953 1223 causa
972 1172 1137 1241 subposuit,
1160 1188 1194 1224 cx
1211 1185 1269 1221 cm·

399 1266 448 1326 pto
467 1259 616 1311 tenebitur.
659 1274 711 1312 nec
728 1260 831 1313 idcirco
857 1240 930 1310 recte
958 1258 1132 1319 detenditur,
1158 1259 1193 1320 si,
1212 1274 1269 1327 quo

399 1345 507 1396 facilius
539 1347 720 1416 excogitatam
756 1345 882 1400 fraudem
907 1347 1059 1409 retineret,
1085 1345 1214 1397 colonum
1240 1350 1270 1395 et

398 1434 523 1502 quinque
544 1448 678 1486 annorum
708 1433 846 1485 mercedes
872 1434 903 1485 in
926 1431 1009 1485 iidem
1033 1448 1108 1485 suam
1133 1431 1269 1502 recipiatt

398 1519 525 1588 alioquin
543 1522 566 1572 si
585 1521 658 1572 bona
677 1520 731 1572 fide
752 1521 870 1585 locavit,
890 1527 1033 1588 suspectus
1053 1536 1109 1571 nou
1131 1521 1193 1578 erit,

399 1605 419 1674 §.
443 1607 483 1671 sl.
520 1606 592 1673 Lege
612 1606 781 1660 venditionis
800 1609 924 1674 inempto
942 1591 1056 1673 praedio
1074 1606 1147 1657 lacto
1165 1605 1269 1658 fructur

399 1693 505 1744 interea
524 1700 666 1763 perceptos
686 1694 790 1745 iudicio
811 1691 916 1746 venditi
937 1693 1047 1745 restitui
1063 1692 1177 1760 placuit,
1196 1710 1270 1762 qnos

399 1779 474 1832 niara
499 1794 532 1831 co
550 1780 610 1830 iure
630 1786 799 1832 contractum
817 1779 846 1829 in
868 1779 981 1831 exordio
1000 1777 1122 1833 videtur:
1141 1780 1223 1831 sicuti
1241 1779 1271 1831 in

789 382 861 461 nx
884 366 1058 461 aneto
1083 383 1149 459 er
1173 382 1415 459 venuste.
1437 384 1475 475 5.
1504 390 1559 457 13.
1577 384 1674 475 ...u
1701 390 1760 460 ao,

2118 386 2193 460 ‘240

1317 573 1366 645 qni
1384 572 1535 643 inquietari
1556 579 1583 623 te
1603 571 1631 625 ia
1652 574 1827 642 possessione
1863 611 1870 624 .
1906 610 1914 624 .
1951 608 1959 624 .
1996 614 2004 629 .
2041 574 2193 631 Saeculari

1317 656 1350 710 ll.
1370 664 1399 709 et
1420 659 1634 715 Donatoconss.
1655 660 1738 728 (260.)
1784 693 1791 707 .
1826 692 1835 711 .
1870 690 1878 711 .
1915 695 1922 708 .
1959 695 1967 709 .
2004 697 2011 713 .
2048 699 2057 717 .
2091 696 2099 709 .
2139 698 2147 712 .
2183 702 2191 715 ,

1315 740 1339 812 §.
1357 758 1402 797 ao.
1438 745 1588 811 pesiulm²⁴
1608 746 1638 796 in
1656 745 1769 796 Oiiliurrs
1788 761 1835 813 spe
1875 780 2192 802 ........

1316 827 1453 879 auxilium
1472 846 1528 882 non
1545 837 1638 900 potest
1656 829 1789 898 denegari
1829 867 2100 889 .......
2142 852 2192 902 pe·

1316 913 1425 965 cuniam
1444 915 1628 968 creditoribus
1648 932 1661 968 s
1696 952 2193 975 ............

1317 988 1421 1052 lss'bere
1441 1016 1498 1054 non
1516 1004 1609 1070 potuit
1627 1003 1658 1053 in
1675 1018 1739 1072 poss
1782 1037 2193 1062 ..........

1317 1094 1346 1137 et
1363 1101 1516 1149 usurarum,
1534 1089 1599 1156 qnia
1618 1088 1648 1139 in
1665 1103 1793 1139 commun
1828 1120 2193 1146 .........

1318 1170 1485 1223 ta1.tuttts.
1521 1171 1662 1226 Viminsci
1697 1205 2191 1232 ............

1318 1259 1342 1324 5.
1361 1273 1402 1310 as.
1441 1257 1584 1311 Gallienus
1602 1259 1669 1327 Aug.
1741 1290 2099 1316 .........
2121 1258 2193 1310 alie-

1318 1341 1426 1394 nandae
1443 1359 1501 1396 nors
1520 1350 1592 1397 sunt
1629 1343 1727 1395 Aditus
1748 1344 1840 1416 itaque

1318 1428 1434 1483 cedente
1455 1446 1470 1482 e
1489 1429 1613 1485 iussione
1623 1432 1647 1467 ²⁶
1665 1429 1714 1501 qul
1785 1462 2192 1484 ..........

1318 1516 1346 1567 Ρ.
1367 1516 1397 1571 Ρ,
1417 1516 1501 1568 Villi.
1519 1515 1576 1576 kal.
1593 1517 1663 1574 Not.
1682 1518 1792 1570 Patavii
1830 1551 2191 1574 ·········

1319 1603 1342 1673 ξ’.
1362 1618 1403 1655 ss.
1440 1603 1664 1656 Diocletianus²⁶
1684 1610 1713 1655 ct
1732 1604 1918 1656 Maximianus
1937 1606 2016 1655 ΛΑ..
2053 1641 2061 1656 .
2101 1638 2106 1648 .
2146 1639 2152 1651 .
2186 1639 2192 1650 .

1317 1691 1499 1743 cessationem
1516 1690 1694 1744 collationum
1741 1725 2059 1749 ........
2064 1683 2106 1746 ⁴'0
2144 1729 2151 1744 .
2185 1727 2194 1745 .

1319 1793 1381 1831 uera
1401 1777 1455 1829 tide
1477 1778 1635 1846 conparasti
1653 1783 1682 1827 et
1699 1775 1826 1829 venditio
1872 1811 2193 1833 ........

1320 1862 1392 1916 facta
1410 1863 1528 1916 convelli
1547 1878 1604 1916 non
1624 1862 1701 1916 debet
1743 1895 2195 1918 ...........

1321 1951 1345 2022 §.
1366 1952 1409 2008 aii.
1446 1950 1636 2002 Diocletianus
1653 1953 1676 1986 ²²
1708 1957 1737 2001 ct
1768 1950 1896 2002 Aurelius
1921 1949 2117 2000 Maximianus
2141 1951 2196 2001 ΛΑ.

1321 2037 1449 2096 Leorrtr'o.
1487 2037 1552 2089 Cum
1569 2037 1686 2107 speciem
1705 2033 1848 2090 venditam
1865 2034 2001 2087 violentie
2028 2034 2121 2101 ignis,
2147 2036 2195 2105 qui

400 1867 516 1934 pecunia
534 1874 638 1936 quanto
656 1867 771 1919 minoris
793 1866 931 1927 venierit,
957 1864 992 1917 sd
1017 1864 1091 1917 diem
1108 1864 1199 1934 pretio
1215 1880 1272 1919 non

396 1954 495 2005 soluto.
534 1952 585 2004 Cui
604 1968 661 2005 noo
681 1960 723 2005 est
743 1953 909 2005 contrarium
928 1952 1064 2005 iudicium
1079 1952 1115 2002 ab
1133 1951 1271 2003 aedilibus

397 2037 548 2092 infactum
567 2037 602 2091 de
620 2039 801 2108 reciperando
830 2040 936 2108 pretio,
963 2039 1100 2107 mancipio
1128 2037 1272 2100 redditur,

395 2129 461 2197 quia
481 2126 658 2195 displicuisse
678 2126 880 2194 proportione,
903 2124 978 2196 quod
996 2142 1053 2176 non
1074 2127 1129 2178 erit
1145 2142 1270 2179 necessa·
1315 2139 1397 2176 nunc
1414 2138 1517 2193 porpoc
1551 2159 1559 2172 .
1596 2160 1602 2173 .
1640 2164 1648 2181 .
1683 2122 1853 2192 adsumptam
1880 2121 1970 2182 dicas,
1996 2121 2021 2170 ri
2052 2118 2194 2171 venditio·

395 2213 478 2274 rium,
497 2214 521 2264 si
538 2211 636 2264 eadem
654 2211 715 2281 lege
731 2218 901 2264 contractum
925 2211 1096 2269 ostendatur.
1322 2211 1484 2264 nem1nulla
1501 2207 1631 2264 condicio
1642 2207 1836 2280 suspenderat,
1854 2211 1973 2262 amissae
1981 2208 2025 2260 rei
2042 2207 2195 2277 periculum

397 2300 421 2368 p.
444 2301 481 2352 15.
519 2299 635 2351 Fructus
652 2297 824 2367 pendentes,
844 2299 897 2351 etsi
917 2300 1016 2349 maturi
1034 2297 1161 2360 inerant,
1180 2299 1205 2348 si
1224 2315 1271 2350 eos
1320 2304 1352 2349 te
1368 2314 1425 2350 nou
1443 2296 1603 2364 adstringet.
1641 2298 1686 2349 ΡΙ).
1747 2327 2196 2352 ...........

397 2386 525 2438 venditor
546 2393 607 2455 post
634 2385 826 2439 senriitiouem
853 2384 1015 2438 antediem
1042 2386 1166 2438 solvendi
1188 2383 1272 2455 pretii
1324 2384 1407 2457 §.ad
1444 2384 1634 2436 Diocletianus
1652 2381 1798 2436 Claudia.
1834 2421 1841 2434 .
1877 2411 1879 2417 f
1879 2415 2195 2438 ........

396 2475 541 2541 percepit,
569 2475 686 2542 emptori
714 2472 900 2526 restituendos
920 2487 979 2524 etse
1001 2474 1146 2535 conrcnit,
1172 2474 1196 2524 si
1216 2487 1272 2522 non
1324 2471 1442 2538 emptori
1461 2469 1616 2522 iudomnite
1663 2496 2196 2525 .............

397 2560 475 2611 aliod
496 2561 569 2611 inter
587 2558 780 2611 contrahentes
798 2559 904 2628 piscuit
923 2559 963 2608 ¹⁹2
1057 2580 1067 2588 ‘
1322 2557 1525 2625 possessionem
1542 2554 1682 2609 venditam
1701 2571 1759 2608 esso
1779 2571 1827 2608 coe
1880 2587 2197 2610 ........

398 2647 419 2718 ς.
443 2649 481 2702 ι6.
519 2645 590 2697 Vino
601 2653 706 2696 mutato
721 2647 873 2714 periculum
886 2653 1037 2714 emptorem
1048 2649 1163 2713 spectat,
1175 2658 1272 2709 quam·
1322 2644 1510 2713 etqualitate
1527 2644 1568 2695 rei
1587 2643 1690 2712 perduc
1749 2676 1981 2698 ......
2017 2638 2196 2692 Diocletiano

397 2734 440 2785 ris
457 2738 520 2784 ante
538 2731 611 2784 diem
627 2730 713 2802 pretii
732 2730 857 2783 solvendi
876 2731 920 2784 vel
939 2728 1103 2783 condicione
1121 2732 1270 2798 emptionis
1322 2732 1354 2782 li.
1373 2738 1402 2780 ct
1419 2729 1577 2782 Aristobulo
1595 2745 1682 2782 court.
1700 2729 1783 2799 (s85.)
1806 2733 1812 2796 l
1853 2761 2195 2779 .........

399 2821 542 2889 inpleta²⁰
568 2817 597 2868 id
617 2819 750 2874 evenerit.
799 2817 899 2888 quodsi
924 2816 1001 2868 mille
1026 2814 1171 2883 amphoras
1197 2823 1272 2867 certo
1323 2818 1406 2887 §oi-
1444 2817 1590 2869 Gallienus
1608 2819 1640 2868 A.
1682 2854 1688 2866 .
1724 2853 1729 2865 .
1766 2853 1772 2866 .
1807 2852 1814 2865 .
1858 2816 1913 2867 lico
1931 2813 2136 2882 possessionem
2154 2811 2262 2879 patus

397 2909 489 2975 pretio
517 2921 632 2973 corpore
649 2920 706 2956 aon
726 2904 912 2958 demonstrato
932 2905 991 2959 vini
1009 2901 1146 2965 vendidit,
1164 2904 1273 2954 nullum
1323 2915 1432 2955 seruam
1485 2938 1701 2952 ......
1744 2898 1781 2954 ab
1803 2902 1898 2970 aliquo
1918 2899 2015 2952 directi
2034 2899 2106 2951 iuris
2125 2913 2197 2966 cmp-

398 2993 532 3062 emptoris
553 2994 658 3046 interes
674 2992 828 3060 periculum
849 2993 910 3044 erit.
1322 2999 1383 3040 sors
1440 3025 1446 3038 .
1482 3026 1488 3038 .
1524 3026 1530 3038 .
1567 3025 1573 3038 .
1610 2989 1740 3043 Gallieno
1760 2988 1790 3039 V.
1812 2995 1842 3040 ct
1860 2988 1990 3040 Faustino
2008 3001 2098 3036 conse
2118 2983 2197 3051 (stis.)

397 3079 418 3150 ς.
441 3097 481 3147 ¹7·
519 3078 649 3131 Erictis²²
668 3078 761 3146 sgnis,
782 3077 882 3147 quanti
900 3076 1032 3144 emptoris
1059 3075 1176 3127 interest
1199 3075 1273 3127 iudi·
1322 3074 1343 3145 §
1361 3076 1396 3128 ad
1398 3112 1656 3125 .......
1692 3073 1903 3127 vseccssitatibus
1922 3071 2107 3139 urguentibus
2126 3078 2198 3140 pater

398 3167 442 3217 cio
461 3165 547 3234 empti
564 3163 601 3215 tis
620 3162 790 3216 aestimatur.
832 3161 932 3234 quodsi
950 3160 985 3212 sb
1004 3162 1087 3214 initio
1105 3164 1278 3222 conuenit²²‚
1324 3216 1330 3229 ‚
1332 3196 1794 3211 ............
1822 3160 1897 3213 vivis
1915 3156 2079 3228 parentibus
2098 3157 2201 3228 placuit

399 3259 431 3306 ut
459 3250 587 3304 venditor
614 3253 734 3318 pretium
753 3248 933 3310 restitueret,
959 3263 1058 3299 usurae
1077 3265 1191 3320 quoquc
1212 3257 1275 3318 post
1326 3292 1331 3302 .
1367 3261 1402 3295 .’
1411 3283 1712 3298 ........
1727 3284 1753 3315 ι.
1789 3285 1795 3296 .
1833 3285 1838 3297 .
1884 3245 1990 3297 familia
2010 3245 2093 3312 longe
2112 3250 2200 3296 aetate

401 3339 565 3390 evictionem
583 3334 803 3405 praestabuntur,
822 3335 946 3404 quamvis
960 3343 1068 3404 emptor
1083 3343 1147 3405 post
1158 3336 1276 3388 dominii
1321 3362 1668 3386 .........
1674 3353 1680 3371 ι
1704 3371 1709 3382 .
1746 3370 1751 3383 .
1778 3331 2009 3386 oriturarum
2029 3329 2074 3381 PP.
2096 3330 2131 3383 11.
2148 3326 2200 3381 tu

400 3426 479 3475 litem
499 3422 690 3476 inchoatum¹³
712 3421 833 3475 fructum
855 3421 1013 3474 adversario
1031 3424 1167 3474 restituat.
1213 3438 1276 3474 nam
1326 3454 1753 3471 ...........
1789 3432 1875 3470 conss.

402 3509 605 3564 incommodum
623 3509 709 3562 medii
733 3509 862 3578 temporis
879 3509 1011 3561 damnum
1029 3511 1161 3580 emptoris
1181 3516 1232 3565 cst.
1256 3512 1263 3580 Ι
1328 3503 1348 3553 i.
1368 3522 1401 3574 ap
1405 3543 1794 3558 ..........
1837 3523 1864 3557 m
1882 3505 2066 3558 Fortunatam
2083 3502 2202 3556 mtttsen

677 3594 796 3670 [Desunt
807 3596 888 3667 folia
907 3594 975 3669 sesa]
1665 3614 1670 3627 ·
1707 3590 1953 3645 .ccantrovorsia
1972 3590 2078 3643 moveri
2098 3587 2203 3642 consti·

304 3697 382 3749 (nr,
401 3689 425 3753 ς.
449 3687 490 3739 18.
526 3683 677 3736 remaclum
698 3685 741 3734 ius
762 3683 864 3734 inieci
874 3717 1144 3735 .......
1189 3693 1276 3752 erupto
1329 3717 1335 3730 .
1371 3716 1376 3729 .
1404 3688 1405 3692 ’
1411 3714 1754 3730 .........
1792 3716 1808 3734 ..
1848 3676 2063 3748 spretapltt.
2082 3674 2203 3728 canule·

402 3789 445 3823 res
465 3770 635 3842 inquietari,
655 3768 830 3821 seductione
849 3769 970 3822 fiduciae
1047 3806 1053 3819 .
1091 3806 1099 3821 .
1135 3803 1143 3818 .
1178 3805 1185 3820 .
1223 3804 1230 3819 .
1270 3809 1277 3822 .
1329 3765 1349 3839 S
1368 3768 1410 3820 sil.
1445 3764 1605 3820 Alexander
1625 3770 1654 3819 A.
1707 3803 1713 3816 .
1749 3764 1978 3819 .vcndendsrum
1997 3763 2203 3834 possessionum

402 3856 515 3908 Valerio
537 3857 583 3906 111.
604 3865 632 3906 et
654 3856 783 3908 Gallieno
802 3857 837 3909 ll.
862 3872 951 3909 corsss.
973 3854 1057 3925 (255.)
1094 3893 1101 3907 .
1138 3892 1144 3905 .
1182 3896 1190 3911 .
1228 3892 1264 3933 ‚⁶
1270 3883 1714 3905 ...........
1751 3854 1871 3923 ineque
1890 3852 2093 3912 alienarum,
2113 3862 2204 3916 neque

404 3941 426 4012 ᾗ.
451 3959 490 4011 ¹9·
527 3941 671 3994 Gallienus
683 3942 740 4009 lug
745 3976 1590 3996 ....................
1627 3939 1752 4007 Agricola
1773 3947 1803 3994 et
1821 3938 1997 3992 clementino
2015 3951 2105 3990 conse·
2120 3933 2206 4003 (aie)

403 4026 801 4098 pupillorumacrcditors'lus
832 4065 838 4079 .
874 4064 880 4079 .
919 4028 950 4078 A
962 4063 1148 4088 .....
1200 4042 1280 4081 revo·
1331 4025 1351 4098 §
1370 4041 1411 4096 sp·
1456 4062 1461 4075 ·
1498 4063 1503 4076 .
1538 4064 1544 4075 .
1580 4063 1585 4076 .
1621 4027 1764 4081 Sabiniani
1783 4041 1839 4080 non
1858 4027 1983 4096 oportuit
2000 4021 2204 4094 puttotetpa-

403 4118 460 4166 cari
479 4115 557 4166 nulio
575 4123 698 4184 possunt.
735 4112 763 4165 Si
787 4115 871 4183 igitur
888 4114 936 4165 abs
957 4146 1629 4175 ................
1664 4107 1738 4167 'cari
1756 4127 1925 4182 praeponere
1942 4113 2027 4181 igitur
2044 4111 2205 4182 procamiet

404 4203 465 4257 uita
483 4210 578 4257 eontra
598 4200 787 4254 venditionem
806 4218 822 4252 a
839 4200 960 4255 creditor
979 4235 1279 4259 ........
1322 4203 1327 4212 ’
1328 4236 1756 4251 ...........
1785 4200 1901 4253 rationis
1919 4214 1996 4252 meae
2014 4197 2204 4268 posscstittm

409 4565 467 4630 non
484 4563 608 4630 cogetur,
628 4552 685 4602 nisi
696 4549 883 4619 fideiussores
902 4548 998 4635 idonei
1014 4567 1031 4601 a
1051 4548 1197 4633 venditore
1216 4550 1275 4603 eius
1299 4515 1356 4608 δΙ),
1377 4549 1411 4613 de
1433 4552 1522 4636 usuris
1541 4552 1628 4637 lfasslli
1647 4552 1724 4638 lilsro⁸
1738 4552 1784 4603 lli.
1805 4550 2007 4620 Responsosum
2030 4549 2204 4632 tribuantur.

408 4618 1274 4772 t³5}?⁰''‘'‚tl‘tt¹ttr0,'tlitdttr‘ttt'slizt
1324 4621 1559 4761 ‘stilti-tt:
1576 4638 1740 4745 {ztirrttt‘
1758 4621 2028 4761 ‘'lsl‘d‘ilissi‘ss
2047 4619 2199 4744 titt

408 4759 441 4807 l).
461 4756 495 4807 dc
514 4765 566 4816 act.
588 4761 684 4827 empti.
722 4761 776 4827 Qui
797 4776 849 4842 per·
871 4758 1051 4825 collusionem
1076 4761 1275 4827 smaginarium
1325 4775 1409 4819 atum.
1499 4765 1544 4829 si)
1570 4762 1610 4812 lta
1627 4763 1680 4825 V.;
1696 4760 1762 4813 atat
1779 4777 1832 4833 per
1849 4761 1959 4815 lulium.
2072 4760 2118 4826 ai)
2137 4757 2201 4810 liei.

408 4826 537 4880 colonum
566 4828 800 4883 circumveniendi
834 4830 964 4899 emptoris
988 4829 1085 4900 gratia
1112 4831 1275 4899 supposuit,
1326 4833 1470 4902 proponit:
1497 4833 1557 4885 eius
1582 4832 1713 4885 iussione.
1807 4829 1852 4901 ati)
1877 4831 1925 4884 Est
1948 4846 2011 4898 pars
2034 4829 2065 4882 L.
2085 4845 2109 4882 a·
2131 4827 2160 4880 C·
2179 4827 2204 4879 sl

408 4917 442 4950 ea
470 4908 557 4966 errspto
576 4911 693 4950 tenetur.
737 4901 797 4952 Nec
820 4897 999 4967 defenditur,
1019 4899 1063 4960 ss',
1088 4917 1143 4971 quo
1152 4899 1276 4967 facilius
1325 4908 1439 4972 propter
1455 4900 1530 4969 publ.
1552 4917 1629 4971 pens.
1649 4899 1759 4971 (4,.46.)
1778 4899 1868 4953 Diocl.
1885 4912 1912 4954 et
1932 4902 2011 4956 Mas.
2031 4901 2081 4954 Ae
2102 4898 2203 4951 Plotia.

407 4970 567 5033 excogitato
583 4967 671 5039 fraus
689 4970 862 5029 occultetur,
891 4971 1019 5021 colossum
1038 4979 1065 5022 et
1087 4970 1277 5042 quinquennii
1328 4974 1357 5027 Si
1373 4969 1481 5026 deserta
1496 4971 1615 5041 praedia
1635 4972 1668 5024 ol
1693 4971 1944 5024 cessationem
1963 4968 2202 5023 collacteam·

406 5039 554 5108 perniones
592 5039 623 5089 in
640 5036 729 5106 fidem
765 5057 842 5091 suam
873 5041 1002 5109 recipiat.
1122 5039 1163 5120 sp)
1191 5037 1278 5088 Locue
1328 5044 1377 5096 vel
1403 5042 1513 5113 reliqua
1533 5042 1696 5095 tributorum
1721 5058 1756 5093 es
1775 5041 1911 5111 permina
1936 5035 2077 5111 praesidis
2093 5037 2130 5090 al
2148 5034 2201 5097 lis,

408 5114 553 5177 corruptus
582 5122 616 5158 ex
641 5109 711 5159 coni.
736 5107 818 5160 utet,
845 5107 934 5161 liasrb.
960 5109 1002 5159 stt.
1028 5107 1065 5158 lla
1094 5108 1280 5160 restituendus
1330 5111 1430 5183 qrsilus
1445 5110 1601 5183 periculum
1620 5112 1778 5165 exactionis
1801 5109 1968 5163 tributorum
1986 5110 2122 5166 imminet.
2145 5103 2202 5159 dis·

409 5187 464 5229 cst:
493 5178 687 5238 contrarium,
716 5176 793 5250 quod
816 5176 951 5231 iudicium
974 5213 981 5225 .
1003 5217 1011 5235 .
1031 5211 1038 5226 .
1057 5179 1198 5249 mancipio
1216 5176 1282 5232 red·
1332 5193 1426 5234 tracta
1459 5183 1591 5235 sincera
1609 5179 1692 5254 side
1717 5182 1971 5251 comparasti:
1994 5175 2149 5234 venditio
2168 5174 2202 5225 ol

408 5247 486 5309 dito,
524 5251 593 5319 qula
620 5244 826 5318 displicuisset,
859 5248 1034 5318 proponitur.
1082 5248 1126 5317 lig·
1151 5247 1282 5300 sortasse:
1333 5253 1472 5304 sollemnes
1496 5252 1700 5323 praestationes
1718 5251 1880 5304 necessitate
1903 5247 2010 5318 sacta
2036 5243 2203 5301 convelli

406 5317 1131 5441 tlt‘'titt‘'’ittiil‘tttristitiam·
1144 5317 1282 5441 'itia-⁰9
1333 5340 1375 5442 ”i
1383 5319 1516 5442 titia
1537 5323 1594 5442 it
1612 5316 2000 5443 “uirginitati’'
2018 5314 2203 5458 ”titii

411 5424 469 5525 sp')¹
491 5429 645 5511 librarium
679 5407 764 5510 re'rtd
797 5407 977 5512 convenitpct
1004 5458 1115 5527 placuit
1151 5460 1224 5509 inter
1242 5407 1281 5509 p're
1331 5408 1459 5518 {scrdc
1477 5408 1770 5529 pcdculdnelcodssu.
1789 5404 1886 5528 (stig.
1908 5495 1915 5515 ‚
1935 5473 2006 5529 quse
2022 5428 2074 5527 μὴ(
2090 5455 2203 5508 νεοίη».

408 5529 615 5580 commutavisse
632 5530 766 5597 suspioari
785 5530 881 5596 possis.
989 5529 1040 5598 so)
1071 5527 1181 5595 Corsigc
1214 5544 1281 5581 con·
1331 5533 1398 5582 tiam
1417 5529 1502 5583 habet
1521 5539 1547 5583 ct
1567 5528 1735 5600 adstringit,
1763 5483 1845 5580 vedu
1864 5536 1957 5578 sutem
1976 5530 2028 5602 qui
2044 5540 2120 5580 nunc
2139 5539 2204 5594 per-

408 5593 544 5650 dicionem
574 5598 806 5668 ...inpletam
832 5597 898 5651 tlai.
918 5596 967 5668 eg.
1004 5597 1279 5668 ss)1aL.18.pr.
1328 5616 1381 5671 poc
1401 5601 1513 5654 omittit
1550 5600 1594 5672 eg.
1617 5601 1745 5654 tortasse:
1771 5597 1969 5671 perpopulatus
1987 5611 2029 5652 sss
2054 5595 2158 5650 artem
