4560 6562
408 370 474 437 XII
539 375 546 393 '

506 555 547 609 Ad
564 567 625 622 pag.
634 551 668 604 tt.
687 551 717 614 ψ.
733 549 775 605 18.
787 554 856 619 sqq.]
897 548 993 611 Nolui,
1021 549 1142 616 quoniam
1161 548 1266 616 longum
1285 547 1438 613 ridebatur,
1468 550 1505 600 ita
1522 548 1651 601 dividere:

607 651 635 718 β)
654 646 693 698 De
712 659 790 703 manu
802 644 954 695 missionum
972 643 1121 709 praeceptis

641 744 675 810 a)
693 738 725 790 ad
745 740 817 790 cives
835 738 909 789 Rom.
929 735 1119 804 pertinentibus

679 837 705 904 a)
724 833 753 885 t„
775 830 851 885 Aelia
868 832 957 885 Soulia
978 831 1042 903 [Gai.
1061 829 1181 903 36...41.[

679 930 705 998 b)
723 926 752 979 L.
769 925 846 977 Furia
866 926 974 977 Cauiuia
994 925 1058 998 [Gai.
1071 922 1191 994 einsidl

644 1023 681 1094 a)
702 1020 734 1072 ad
748 1021 902 1087 peregrinos
922 1017 1111 1087 pertinentibus
1133 1018 1199 1090 {Gal
1218 1014 1276 1086 dli

512 1165 552 1218 at
571 1179 630 1233 pag.
641 1163 675 1216 tt.
694 1162 722 1227 ὶ.
736 1162 790 1236 tlt}
828 1163 899 1214 llaec
915 1162 984 1213 enim
1006 1161 1101 1214 divisio
1119 1162 1169 1213 iuri
1187 1159 1260 1212 civili
1277 1159 1451 1213 Romanorum
1471 1163 1577 1231 propria
1595 1168 1643 1214 est.
1682 1159 1723 1212 Cf.
1743 1158 1775 1211 ad
1789 1158 1856 1229 p.ll.
1879 1158 1908 1224 ri.
1923 1160 1949 1213 2.
1969 1170 2120 1214 macuta.

513 1282 552 1333 tta
569 1295 630 1349 pag.
641 1278 673 1331 ll.
690 1278 771 1343 aas.
785 1283 855 1348 sqq.]
883 1279 951 1330 Sane
968 1279 990 1328 si
1009 1279 1049 1328 ius
1059 1292 1227 1344 personarum
1237 1279 1306 1346 quod
1323 1292 1372 1330 nos
1392 1278 1500 1329 dicimus
1520 1279 1602 1345 primo
1622 1280 1806 1330 commentario
1826 1278 1928 1329 tradere
1944 1278 2123 1333 instituisset
2138 1280 2228 1346 (imus,

413 1376 456 1427 vix
477 1375 505 1426 iu
523 1376 608 1427 miuus
629 1382 717 1441 aptam
734 1381 761 1424 et
778 1388 842 1424 vere
861 1372 996 1439 iudignum
1016 1371 1103 1424 locum
1120 1371 1152 1423 ad
1165 1373 1344 1439 exponendam
1362 1373 1395 1424 de
1406 1375 1567 1425 matrimonio
1588 1374 1730 1425 doctrinam
1741 1373 1856 1425 incidere
1872 1375 1965 1441 potuit,
1984 1389 2072 1441 quam
2096 1376 2131 1428 iu
2150 1377 2229 1443 huuc,

411 1470 454 1537 qui
476 1468 508 1520 ad
525 1467 728 1536 disputationem
744 1465 777 1517 de
797 1467 897 1533 patriae
914 1467 1051 1533 potestatis
1074 1467 1159 1518 causis
1177 1469 1255 1519 unico
1273 1468 1422 1520 commodus
1442 1477 1482 1520 est
1501 1477 1527 1519 et
1546 1477 1715 1536 opportunus.
1753 1469 1813 1532 Sed,
1832 1469 1971 1520 utiterum
1990 1467 2111 1536 dicam,
2143 1487 2230 1543 usqne

412 1564 549 1626 hocloco,
568 1577 655 1631 neque
672 1559 717 1611 ubi
736 1559 769 1611 de
785 1575 864 1610 manu
886 1561 950 1626 agit,
969 1575 1055 1628 neque
1073 1562 1178 1611 omniuo
1194 1561 1247 1611 alio
1265 1577 1395 1630 quoquam
1413 1564 1604 1615 Institutionum
1625 1562 1685 1614 loco
1704 1563 1924 1614 matrimoniorum
1943 1564 1985 1615 ius
2007 1577 2166 1630 exponere
2183 1582 2230 1620 vo-

410 1655 460 1707 luit
476 1653 596 1720 scriptor,
614 1650 737 1721 quicquid
756 1652 917 1703 recentiores
935 1652 967 1702 de
988 1652 1086 1704 duribus
1104 1655 1259 1707 matrimonii
1279 1655 1387 1708 Rostraui
1409 1659 1497 1708 fonnis
1515 1673 1610 1708 novum
1634 1672 1665 1706 ac
1685 1657 1807 1708 [iomanis
1827 1655 1947 1709 erunibus
1963 1656 2131 1712 inauditum
2152 1676 2230 1714 exeo-

418 1750 566 1815 gitavemnt
587 1755 613 1798 et
630 1746 663 1796 do
679 1747 843 1797 matrimonio
863 1763 952 1797 secero
970 1755 996 1796 et
1017 1746 1084 1811 test,
1101 1749 1158 1799 sive
1178 1747 1252 1800 malis
1270 1749 1342 1801 scotti
1370 1753 1496 1819 (,ttrrnnc
1513 1757 1561 1804 rrae
1579 1751 1637 1808 treis
1655 1756 1712 1802 ater
1729 1754 1777 1803 tore
1793 1752 1864 1810 viret
1890 1757 2026 1803 nostrates
2051 1763 2165 1807 vocant
2186 1756 2229 1808 bor

418 1852 549 1910 spectrum
568 1841 692 1911 biforme)
710 1843 904 1893 circumierunt.
950 1841 1002 1891 luri
1021 1840 1092 1891 civili
1110 1857 1273 1911 nequaquam
1292 1843 1344 1895 duo
1369 1845 1523 1896 matrimonii
1549 1859 1647 1912 genera
1670 1853 1731 1896 uota
1757 1844 1879 1908 fuerunt,
1905 1859 2022 1912 quoram
2044 1860 2141 1902 unum
2162 1853 2229 1920 qussi

418 1939 501 1991 stricti
520 1937 602 2000 iuris,
621 1936 731 1987 alterum
748 1935 834 1986 bonne
856 1934 916 1986 ildei
937 1936 1044 1985 fuisset:
1067 1943 1096 1986 ut
1113 1938 1301 1989 matrimonium
1318 1941 1376 1991 sine
1392 1954 1484 2002 uranu,
1501 1941 1537 1990 ita
1557 1955 1648 1990 manus
1665 1941 1723 1991 sine
1741 1939 1904 1991 matrimonio
1924 1952 1985 1991 esse
2005 1943 2127 2007 potuit3
2149 1961 2232 2014 neqss

417 2035 554 2102 quicquam
572 2029 617 2082 illa
635 2028 710 2079 huius
728 2028 810 2094 ipsius
830 2036 947 2078 naturam
964 2028 1163 2096 corrumpebat,
1184 2032 1300 2098 quamvis
1318 2030 1435 2083 efiiceret
1452 2039 1481 2082 ut
1500 2034 1596 2083 femina
1613 2034 1639 2084 iu
1657 2033 1707 2083 viri
1726 2032 1849 2084 familiam
1866 2033 1990 2084 transiret
2012 2036 2230 2106 agnationisqus

419 2132 474 2178 iura
494 2125 568 2193 qtrasi
588 2120 772 2173 filiafamilias
791 2122 999 2184 nancisceretur3
1022 2122 1126 2174 scilicet
1151 2120 1183 2175 ad
1201 2140 1256 2176 rem
1275 2124 1428 2178 familiarem
1448 2127 1470 2178 is
1491 2127 1598 2178 effectus
1615 2127 1767 2194 spectabat,
1790 2135 1869 2195 atquo
1887 2127 1996 2179 omniuo
2023 2127 2122 2196 ipsios
2140 2135 2231 2187 matri·

420 2221 498 2273 monii
516 2216 603 2270 officia
626 2217 734 2284 iuraque
752 2230 804 2266 noa
825 2215 951 2267 mutabat.

519 2360 560 2412 Ad
580 2357 699 2426 psalli.
717 2355 745 2420 i.
765 2332 847 2427 aa]
886 2359 925 2410 lta
944 2357 1017 2410 nullo
1038 2359 1096 2410 iure
1113 2359 1209 2410 boumn
1229 2359 1334 2425 Gaium,
1354 2363 1429 2429 quasi
1447 2361 1524 2414 valde
1542 2361 1663 2415 stolidum
1683 2361 1753 2430 quod
1771 2363 1793 2414 is
1813 2361 1938 2426 dixisset,
1967 2360 2093 2419 ludibrio
2111 2367 2229 2421 barbitum

422 2469 481 2508 csso
499 2454 532 2505 ab
547 2452 586 2505 ill.
605 2453 710 2507 Savinio
738 2452 848 2516 (endere
869 2454 910 2513 tte
929 2456 991 2514 atat.
1011 2456 1045 2506 u.
1064 2455 1098 2507 dt.
1117 2453 1137 2505 1.
1158 2468 1183 2520 p.
1197 2452 1259 2506 tot.
1280 2463 1334 2506 not.
1344 2465 1371 2525 r)
1398 2458 1563 2510 manifestum
1590 2467 1645 2510 est:
1670 2472 1722 2509 non
1750 2457 1782 2508 de
1801 2457 1880 2508 tertio
1905 2456 2024 2523 quadarn
2045 2475 2226 2526 personarum

421 2549 566 2612 divisione,
591 2553 620 2597 ut
642 2544 701 2596 aliis
724 2558 835 2621 quoque⁸
855 2544 921 2597 loeis
942 2551 980 2615 (e.
1001 2561 1040 2613 gr.
1054 2546 1074 2598 l.
1095 2547 1206 2616 paee.)
1225 2556 1301 2602 vetus
1318 2550 1387 2603 idern
1406 2559 1432 2603 et
1448 2551 1586 2604 multorum
1607 2551 1715 2604 aliorum
1741 2552 1896 2616 scriptorum
1917 2557 1945 2601 et
1966 2554 2143 2619 pnsecptoris
2162 2559 2223 2608 mei

420 2640 545 2695 carissimi
563 2653 635 2691 error
653 2638 825 2706 corrigendus
846 2646 894 2703 est,
916 2640 962 2690 sed
980 2638 1014 2690 do
1034 2640 1091 2692 alio
1111 2641 1249 2708 divisione,
1264 2643 1346 2696 relata
1363 2646 1396 2698 ad
1417 2663 1473 2699 eam
1492 2646 1569 2722 §tta
1588 2663 1692 2712 „rursus
1767 2646 1850 2696 aliae“
1870 2644 1913 2695 hie
1930 2659 2025 2697 sermo
2042 2654 2090 2708 est,
2104 2648 2162 2717 sive
2181 2659 2215 2701 ut

419 2744 507 2790 nostro
524 2749 597 2788 more
616 2732 722 2801 loquar,
743 2731 820 2784 Gaius
837 2748 961 2787 summam
979 2734 1012 2785 de
1028 2735 1084 2788 iure
1102 2751 1271 2803 personarum
1292 2738 1446 2794 divisionem
1468 2753 1535 2806 quae
1554 2739 1603 2790 iuri
1624 2736 1695 2790 civili
1712 2737 1818 2804 propria
1838 2742 1878 2788 est
1896 2734 1969 2804 (vid.
1987 2735 2024 2789 ad
2035 2736 2130 2806 papii
2143 2735 2205 2801 Μ.

419 2834 580 2902 aunotatum)
598 2826 739 2882 subdividit
756 2827 809 2879 its:
923 2896 927 2907 ,

613 2923 649 2994 ll)
667 2936 796 2989 personae
815 2928 859 2972 aut
876 2921 916 2971 sui
934 2921 998 2972 iuris
1011 2928 1071 2973 suut
1086 2929 1132 2973 aut
1150 2922 1236 2976 alieno
1254 2925 1305 2975 iuri
1324 2924 1466 2976 staliiectae.

655 3016 690 3085 tt)
711 3015 797 3066 alieno
817 3016 866 3065 iuri
884 3014 1018 3067 subiectae
1037 3023 1092 3066 etc.

656 3109 688 3180 B)
708 3109 751 3175 qui
770 3108 809 3158 sni
828 3108 891 3158 iuris
910 3115 970 3157 sunt
993 3114 1038 3157 aut

693 3205 718 3271 l)
737 3203 764 3253 in
782 3200 863 3252 tutela
881 3209 941 3252 sunt
960 3201 1002 3252 vel
1022 3202 1048 3252 in
1069 3201 1221 3265 curatione,
1245 3210 1288 3251 aut

693 3296 721 3367 2)
739 3304 830 3346 neutro
849 3297 905 3347 iure
924 3302 1053 3346 tenentur.

424 3393 496 3456 Quod
517 3395 536 3443 si
549 3394 606 3460 quvis
625 3390 658 3442 de
677 3392 716 3442 sui
735 3391 798 3442 iuris
816 3391 935 3458 personis
958 3405 1128 3458 quaesoque
1147 3391 1173 3441 iu
1191 3389 1272 3440 tutela
1296 3403 1382 3456 neque
1402 3389 1429 3440 iu
1449 3389 1581 3441 curatione
1595 3390 1646 3441 sint
1665 3399 1781 3459 quaerat,
1799 3390 1893 3442 babeat
1912 3388 1972 3443 Gaii
1992 3411 2189 3472 responsum,
2205 3410 2234 3458 ita

425 3505 468 3538 ras
488 3485 621 3553 intellegi,
650 3493 786 3553 postquam
804 3484 837 3536 de
858 3483 898 3536 his
917 3499 984 3552 quae
1003 3483 1127 3535 alterutro
1146 3484 1202 3535 iure
1219 3490 1339 3534 tenentur
1358 3481 1469 3546 viderit;
1496 3483 1597 3535 seilicet
1614 3484 1683 3551 spuod
1702 3484 1734 3536 ad
1751 3487 1792 3536 ius
1809 3487 1936 3551 privatum
1956 3490 2088 3561 attinet,
2122 3501 2233 3553 nihilne

426 3583 478 3632 illis
495 3580 632 3631 dicendum
651 3587 746 3632 restat:
765 3578 870 3647 plenum
888 3579 929 3632 itis
949 3577 1106 3647 plenamque
1127 3594 1174 3630 eae
1192 3593 1319 3646 personae
1337 3577 1476 3631 voluntatis
1494 3592 1557 3629 suae
1576 3578 1737 3629 exercendae
1756 3578 1905 3631 facultatem
1922 3580 2004 3647 ipsae
2023 3585 2139 3645 hahens
2164 3598 2233 3664 (aaut

425 3675 527 3735 bitetten
546 3678 592 3724 aab
610 3676 774 3738 boetianae:
789 3670 936 3743 nisinen),
953 3675 1004 3725 uisi
1023 3674 1067 3724 ubi
1087 3673 1212 3740 specialia
1228 3674 1291 3725 iuris
1312 3681 1451 3740 praecepta
1468 3671 1652 3739 impedimento
1673 3681 1740 3724 saut.

524 3817 562 3868 ,ld
580 3832 641 3885 pag¹
656 3816 700 3868 lll.
717 3815 745 3880 nl.
757 3797 798 3869 37.
817 3815 875 3885 38.]
904 3817 971 3868 Setis
989 3815 1128 3884 prudenter
1146 3815 1223 3867 Gairrs
1243 3825 1271 3866 ut
1287 3815 1352 3879 alia,
1377 3816 1413 3866 ita
1430 3817 1571 3867 novissima
1587 3830 1691 3885 quoquo
1708 3817 1774 3868 haec
1796 3818 2003 3875 lastiniauartun
2023 3826 2229 3885 Institutionum

427 3912 510 3978 capita
530 3911 716 3978 praetermisit:
735 3925 788 3961 nou
806 3910 839 3962 de
857 3918 968 3962 tutorum
987 3918 1185 3976 cunctorumque
1204 3912 1260 3960 iure
1277 3909 1391 3961 scribere
1409 3911 1532 3973 instituit,
1554 3910 1600 3961 sed
1618 3910 1650 3961 de
1669 3925 1838 3977 personarum
1855 3913 2038 3972 divisionibus
2063 3928 2231 3980 condicioni-

426 4006 544 4074 busquc,
571 4012 648 4072 prout
669 4005 742 4069 ipsae
762 4003 904 4056 secuudum
922 4004 962 4056 ius
980 4002 1059 4056 civile
1076 4004 1219 4055 naturalem
1237 4003 1385 4056 facultatem
1400 4005 1457 4055 eius
1475 4006 1544 4072 quod
1561 4005 1656 4073 cuique
1674 4006 1762 4058 facere
1788 4006 1866 4072 libet,
1891 4023 1939 4077 per
1959 4027 1995 4064 se
2023 4015 2172 4074 haberent
2192 4020 2230 4074 snt

425 4102 517 4153 minus.
555 4101 623 4152 Sauo
641 4099 697 4149 siue
713 4099 794 4166 ipsius
813 4097 926 4150 Gaianae
944 4098 1052 4151 rationis
1072 4098 1254 4164 systematicac
1271 4100 1448 4151 immutatione
1465 4114 1497 4149 ac
1516 4101 1682 4167 corruptione
1698 4108 1807 4170 uterque
1827 4105 1957 4170 posterior
1977 4108 2173 4176 imperialium
2189 4116 2228 4170 ln.

425 4196 585 4248 stitutionum
606 4191 697 4246 titulus
715 4192 747 4244 ab
764 4208 852 4245 earum
873 4191 1088 4260 compositoribus
1106 4191 1172 4243 adici
1189 4206 1242 4242 uon
1254 4193 1346 4258 potuit,
1364 4192 1414 4245 nisi
1433 4199 1496 4259 quot
1512 4200 1572 4243 sunt
1589 4192 1781 4257 excusationes,
1801 4202 1839 4246 tot
1851 4210 1946 4248 causae
1963 4214 2024 4255 noa
2038 4213 2230 4280 suscipiendae

426 4298 468 4341 aut
484 4289 655 4357 deponendae
675 4286 773 4339 tutelae
792 4285 837 4338 vel
858 4288 999 4339 curationis
1017 4296 1121 4353 esseut,
1150 4302 1180 4337 ac
1197 4301 1285 4338 rursus
1304 4286 1424 4354 singulae
1445 4294 1624 4352 suspectorum
1644 4289 1802 4341 remotiones
1820 4290 1928 4343 tutelam
1947 4307 2090 4354 curamve
2111 4305 2228 4359 animi:

426 4386 511 4451 itaque
530 4383 597 4436 tituli
614 4384 691 4436 XXV.
710 4391 735 4434 et
754 4382 843 4434 xxttt.
863 4384 1071 4456 συοτηματικιῦς
1090 4383 1164 4451 quasi
1182 4389 1269 4450 partes
1288 4380 1420 4433 titulorum
1437 4381 1506 4435 Xlll.
1533 4383 1772 4452 erxx11.‚arqus
1800 4384 1870 4453 quod
1896 4384 1929 4436 ad
1954 4400 2108 4452 curatores
2136 4404 2229 4461 attinet

428 4478 492 4528 titali
512 4477 602 4530 xxttt.
621 4476 733 4530 habendi
754 4484 823 4528 suut.

527 4625 567 4677 Ad
588 4640 648 4693 pag.
662 4624 707 4677 lll.
726 4624 755 4689 i.
766 4624 822 4695 39.]
862 4623 895 4676 Ut
912 4621 1105 4674 difficultatibus
1126 4620 1204 4688 plane
1220 4618 1354 4671 inutilibus
1380 4634 1439 4671 sesa
1456 4621 1599 4688 impediunt
1625 4621 1669 4690 qui
1692 4624 1719 4672 in
1738 4622 1835 4675 Gaiano
1863 4625 1919 4676 iure
1939 4628 2015 4692 qttod
2045 4635 2086 4686 ad
2108 4652 2227 4706 pem,

427 4720 539 4788 pertinet
555 4720 582 4771 id
599 4719 647 4771 sibi
669 4718 759 4771 videre
777 4718 869 4770 volunt
888 4720 956 4785 quod
975 4717 1133 4769 recentiores
1155 4716 1199 4768 fas
1217 4715 1335 4782 seruilius
1353 4713 1501 4782 appellant,
1531 4717 1566 4765 ita
1584 4716 1601 4766 ii
1619 4719 1663 4783 qui
1685 4716 1750 4767 lianc
1775 4717 1880 4769 alteram
1903 4718 2118 4784 lnstitutiouum
2137 4741 2226 4801 parm

427 4829 479 4867 nou
500 4814 603 4866 differre
621 4814 654 4865 ab
675 4827 707 4864 eo
725 4813 794 4881 quod
812 4812 891 4864 hodie
911 4812 955 4864 far
974 4828 1061 4863 rerum
1076 4811 1210 4862 nourinare
1228 4818 1417 4864 consueverunt
1435 4811 1580 4876 opinantur,
1599 4826 1651 4861 non
1669 4811 1795 4879 intellego
1814 4828 1866 4880 quo
1880 4813 1956 4864 ruodo
1973 4813 2075 4874 locum
2096 4829 2226 4896 exprim

427 4910 536 4977 possint,
554 4924 630 4978 quem
640 4907 717 4960 Gaiam
737 4917 763 4960 et
780 4909 828 4960 toti
846 4907 896 4958 iuri
916 4906 1078 4958 hereditario
1089 4914 1116 4957 et
1132 4905 1165 4956 de
1185 4903 1385 4971 obligationibus
1403 4903 1545 4967 doctrinae,
1564 4913 1590 4955 et
1605 4906 1656 4972 ipsi
1674 4907 1724 4957 iuri
1742 4907 1811 4974 qrrod
1830 4906 1861 4957 ad
1880 4908 2000 4961 actiones
2020 4921 2162 4988 pertinet,
2179 4935 2224 4974 nou

427 5008 484 5059 sine
502 5005 598 5073 optima
616 5018 662 5056 sua
679 5005 780 5056 ratione
797 5001 883 5054 dedit:
900 5017 959 5053 nam
979 5002 1076 5071 siquis
1097 5000 1160 5051 Gaio
1182 5001 1207 5050 iu
1227 5000 1305 5051 rebus
1325 5000 1496 5066 systematicis
1513 5000 1587 5068 quasi
1605 4998 1810 5052 imbecillitatem
1829 5010 1906 5070 atquae
1926 5004 2126 5070 impotentiam
2145 5018 2225 5069 inas.

427 5105 506 5169 pilot,
525 5099 570 5153 ubi
587 5099 766 5153 institutiones
784 5113 843 5150 eum
861 5097 976 5149 ordinem
996 5098 1116 5163 viamque
1133 5102 1284 5162 sequuntur,
1304 5109 1371 5178 quae
1390 5096 1474 5147 miuus
1492 5097 1651 5147 conveniunt
1668 5110 1725 5146 eum
1745 5100 1891 5161 systematis
1911 5112 1925 5148 a
1944 5107 2160 5165 recentioribus
2171 5113 2224 5166 iuris

427 5195 601 5249 conditoribus
619 5193 774 5259 adinventis,
794 5193 941 5245 censorium
962 5207 1028 5259 opus
1047 5188 1121 5242 illum
1140 5192 1228 5242 faeere
1247 5188 1309 5241 mibi
1325 5191 1387 5241 satis
1407 5205 1557 5257 persuasum
1576 5198 1624 5243 est.
1679 5193 1736 5247 Τοῦ
1758 5195 1885 5248 ἐναντίου
1903 5192 1952 5260 τήν
1968 5201 2104 5272 gastim„
2122 5210 2223 5281 ww„

428 5287 462 5348 ἄν
481 5291 612 5364 δεξαίμην
631 5289 647 5357 ἢ
669 5287 894 5360 ὁμογνωμονεῖν·

523 5433 563 5484 Ad
582 5450 641 5503 pag.
660 5433 706 5486 lll.
725 5431 810 5494 ΜΟ.
826 5436 896 5500 squ]
931 5431 1034 5483 Summa
1056 5427 1119 5481 baec
1136 5444 1221 5482 renim
1245 5427 1339 5481 divisio
1360 5430 1502 5498 eademque
1529 5445 1562 5482 err
1578 5432 1635 5482 iare
1662 5433 1776 5497 gentium
1795 5434 1922 5500 originem
1944 5433 2059 5490 trahens
2083 5444 2223 5497 resolvitur

424 5528 450 5571 ot
468 5522 500 5572 ad
517 5526 556 5574 ius
576 5524 655 5577 civile
674 5525 746 5576 Rom.
766 5521 911 5591 applicatur
928 5519 1097 5589 sequentibus
1118 5523 1303 5587 divisionibus,
1324 5540 1430 5594 quarum
1449 5525 1518 5578 aliae
1534 5527 1687 5594 simpliciter
1708 5543 1740 5578 ex
1756 5529 1813 5579 iure
1832 5527 1942 5579 naturali
1962 5533 2152 5601 recipiendas
2173 5540 2222 5591 fue

422 5624 495 5679 ruat,
513 5625 541 5668 ut
557 5617 590 5699 de
608 5620 685 5672 rebus
703 5617 881 5688 corporalibus
899 5625 925 5668 et
942 5616 1169 5684 innumeralibus,
1186 5618 1344 5685 mobilibus,
1365 5619 1554 5684 immobilibus;
1579 5622 1646 5674 aliae
1664 5623 1713 5673 iuri
1735 5623 1805 5674 civili
1824 5621 1946 5691 proprine
1964 5635 2048 5696 sunt,
2083 5642 2117 5688 us
2136 5642 2180 5689 est
2193 5631 2221 5684 ds
